2944 4652
9 4207 14 4242 l

9 4344 16 4380 l

1191 313 1253 380 503

146 481 272 563 reiecto
294 475 385 544 illum
408 475 441 542 in
466 473 539 544 lleo
562 471 689 542 admitti
711 492 813 560 posse
835 475 998 558 ostendit,
1024 475 1071 543 ita
1099 483 1134 544 ut
1158 483 1256 569 cugi-

144 563 274 630 tatioue
291 567 419 628 'nostra
449 577 507 647 pro
530 558 643 626 babitu
667 577 792 626 causae
812 559 857 626 ad
880 559 983 643 illud,
1006 560 1091 647 quod
1114 581 1158 632 ex
1179 566 1256 645 ipsa

145 647 317 725 nascitur,
338 644 459 712 Filium
479 651 571 710 recte
592 664 614 711 a
636 644 738 710 Patre
761 641 1007 723 discernamus,
1030 643 1184 733 huncque
1205 651 1255 716 illl
1380 647 1384 654 “

144 748 391 827 praeponamus
412 724 470 817 [n.
493 721 667 812 nur-at.)
687 767 728 781 -
758 726 914 796 Ultimum
936 729 1080 816 denique
1103 730 1256 801 Eunomii

145 817 367 898 obiecbonem
399 812 477 880 iude
509 812 661 899 petitam,
698 811 787 896 qwuod
814 811 991 900 lngeuitus
1033 833 1105 881 cum
1138 821 1254 904 genito
1353 823 1356 829 “

127 898 332 984 'comparari
353 895 561 972 nullomodo
585 894 702 982 possit,
723 915 810 984 ergo
831 897 1026 966 necessarie
1045 899 1091 966 sit
1112 903 1255 966 dicaui-

145 985 207 1063 tio,
230 982 377 1050 Basilius
399 981 571 1061 dissolvit,
593 978 792 1063 ostendeus,
814 998 947 1049 omnem:
964 983 1053 1049 illius
1075 1002 1253 1073 argumen-
1351 983 1357 994 ”

144 1068 304 1136 tationem
327 1065 459 1133 nonnisi
479 1067 594 1132 volere
616 1064 659 1132 de
681 1065 769 1131 Eute
789 1082 848 1131 coc
868 1067 969 1145 orali,
1004 1067 1111 1134 Duum
1143 1075 1255 1138 autem

146 1171 228 1220 esse
249 1151 498 1246 incorporeum..
535 1149 606 1215 lmo
632 1149 742 1233 potius
765 1085 913 1216 Basifius
940 1167 984 1218 ex
1013 1159 1178 1222 concesso
1207 1155 1254 1222 ita

144 1241 414 1325 argumentatur:
459 1233 566 1300 Folius
588 1250 695 1319 aeque
717 1250 758 1300 ac
780 1233 881 1300 Pater
903 1235 1116 1320 incorporeus
1138 1244 1192 1304 est
1219 1246 1255 1308 et

145 1318 390 1405 compositionis
417 1335 567 1408 expers3
598 1324 633 1384 at
661 1319 694 1382 iu
724 1316 788 1384 boc
815 1316 888 1404 ipso
915 1323 1056 1405 apparet
1082 1321 1254 1408 utriusque

142 1403 340 1480 similitudm-
371 1403 554 1487 reparatione
582 1401 725 1467 veroin
754 1399 922 1486 potentiae
942 1403 1118 1470 identitate
1140 1403 1254 1472 consi-

144 1488 235 1569 stit„
252 1485 405 1570 quamvis
428 1483 639 1553 nibilominus
662 1483 829 1553 distinctio
852 1485 963 1564 adsit,
991 1503 1110 1573 nempe
1141 1489 1175 1554 iu
1196 1505 1254 1554 or·

145 1571 226 1637 dine
255 1573 312 1660 lu.
346 1573 390 1636 22
410 1606 451 1620 -
472 1563 562 1655 ⁸234).
604 1568 657 1636 De
681 1569 744 1636 bac
765 1569 883 1637 eadem
906 1569 1118 1638 distinctione
1139 1571 1173 1638 in
1197 1591 1255 1640 or-

145 1655 236 1736 dine,
259 1673 318 1740 per
340 1670 437 1739 quam
447 1653 550 1720 Pater
570 1659 625 1720 est
644 1653 835 1740 principium
856 1672 918 1720 seu
932 1671 1037 1722 causa
1050 1655 1137 1733 Filii,
1153 1657 1253 1726 etiam
1295 1654 1298 1662 '

144 1740 252 1807 verba
273 1737 424 1805 Domini:
476 1737 599 1822 „Pater
628 1740 733 1822 major
759 1755 813 1805 me
839 1736 913 1804 est“
934 1740 1171 1838 iuterpretatur
1192 1738 1251 1831 (u.

142 1819 353 1910 ‘tt-2533
386 1841 428 1890 ac
449 1822 636 1900 luculenter
656 1823 977 1908 comprobatvquaur
998 1823 1252 1907 subabsurdum,

142 1907 253 1976 Deum
276 1907 471 1996 ingenitum.
484 1906 774 1992 incomparabilem
795 1905 909 1975 dicere
928 1906 986 1995 [n.
1007 1901 1180 1996 2647.)

634 2113 671 2204 S.
689 2130 760 2196 rao.
802 2177 803 2182 r

198 2273 406 2337 Coroliur'ruis'o
436 2272 592 2336 librorum
606 2269 799 2418 ffbBurjllc'r'
827 2272 977 2336 aduersus
999 2270 1201 2339 Euemeriam.
1263 2261 1268 2271 ’

635 2377 707 2419 rer
779 2400 787 2416 .

230 2521 332 2588 Libro
353 2523 398 2588 ll.
422 2517 460 2589 S.
484 2522 631 2590 Basilius
654 2522 803 2609 disputat
824 2522 866 2590 de
888 2519 996 2602 ditio,
1018 2541 1114 2608 quem
1135 2523 1250 2591 Eunu-

141 2607 228 2673 rnius
243 2606 374 2690 fuctum
408 2625 469 2674 seu
491 2619 633 2671 cretulam
656 2607 746 2696 (non
768 2629 842 2671 uere
860 2607 1022 2692 gestitant,
1059 2625 1170 2692 neque
1190 2627 1250 2675 ae·
1317 2685 1319 2691 y

141 2684 315 2840 ternumffl,
348 2691 427 2758 item
447 2691 634 2759 substantia
656 2710 677 2757 a
699 2689 771 2758 Deo
793 2691 960 2757 diversum
988 2709 1067 2757 esse
1090 2692 1249 2779 Patrique
1270 2753 1271 2756 ,

141 2773 336 2842 dissimiem
359 2775 501 2861 probare
527 2777 649 2844 nititur.
710 2776 776 2842 llic
807 2794 921 2841 rursus
954 2793 1019 2859 ope
1048 2775 1248 2843 dialecticae
1394 2779 1397 2787 ¹

140 2861 224 2926 artis
245 2860 397 2925 Euruomii
419 2857 637 2948 impietatem,
666 2859 814 2927 absurda
844 2859 1054 2928 consectaria
1087 2879 1131 2927 ex
1159 2861 1249 2928 illius

139 2944 398 3022 assertionibus,
435 2952 471 3012 et
491 2944 771 3012 contradictiones
802 2945 836 3010 iu
868 2944 952 3031 ipsis
974 2943 1119 3011 latentes
1141 2945 1249 3012 oculis

140 3029 280 3096 onmium
302 3029 393 3097 clare
415 3031 576 3116 proponit.
630 3029 812 3097 Eunomius
840 3031 962 3115 quippe
990 3029 1098 3096 altera
1123 3030 1250 3116 Apolo-

140 3115 222 3198 glae
254 3131 338 3180 snae
367 3119 461 3196 parte
488 3114 628 3194 asserit,
666 3117 764 3198 juxta
795 3110 1040 3200 scripturarum
1067 3113 1249 3180 doctrinam

138 3197 259 3263 Filium
280 3197 426 3282 geroium
446 3191 625 3282 (γέννημα)
653 3209 683 3263 et
706 3207 889 3261 creatorum
911 3198 1023 3263 vocari
1038 3198 1091 3273 ἢ,
1121 3213 1161 3260 ac
1190 3215 1250 3281 per

141 3279 224 3348 illud
257 3279 420 3347 nominum
449 3281 625 3349 discrimen
654 3279 864 3348 substantiae
893 3279 992 3346 ctiam
1021 3277 1248 3345 diversitatem

139 3363 303 3432 exbiberi.
326 3402 367 3416 -
409 3363 589 3454 Subiungit
609 3365 750 3446 deiude,
772 3363 859 3430 banc
881 3357 1006 3453 (Filii)
1028 3363 1248 3428 substantiam

139 3449 289 3536 genitam
311 3465 410 3531 esse,
443 3468 516 3516 cum
546 3469 612 3517 uon
635 3456 729 3516 esset
751 3455 828 3514 aute
851 3449 1014 3538 propriam
1038 3446 1248 3512 constitutio-

139 3552 234 3620 uem3
257 3531 345 3619 quud
367 3535 415 3601 ita
438 3534 657 3603 demonstrat:
702 3534 771 3601 Aut
791 3533 990 3600 existentem
1012 3530 1249 3619 geuuitlleus,

214 3812 222 3818 ⁸
245 3841 289 3885 ter
306 3837 392 3888 necor
411 3846 461 3899 pro
479 3833 596 3886 arbitrio
620 3847 670 3885 cuc
695 3836 729 3884 ad
755 3835 859 3884 certu-
886 3833 1029 3896 quemdam
1052 3829 1133 3883 duero
1152 3833 1248 3897 dispo-

245 3908 312 3954 cult·
347 3907 416 3956 vid.
441 3908 473 3955 Β.
492 3905 577 3956 basil.
602 3907 668 3955 adv.
692 3903 805 3956 lluuom.
830 3905 880 3954 lto.
899 3904 922 3952 Ι.
948 3915 976 3952 u.
996 3901 1043 3955 20.
1066 3904 1104 3953 cl.
1130 3903 1246 3954 Eunomo·
1366 3929 1371 3940 ·

247 3975 361 4038 apolog.
382 3990 410 4025 n·
434 3974 474 4028 10.

190 4061 226 4128 *)
245 4072 288 4121 lta
307 4073 340 4121 ab
362 4071 494 4122 [inuocato
510 4073 601 4124 Flllua
619 4073 734 4122 vocatur
752 4064 961 4136 remansisset
978 4067 1099 4125 κιισθεῖς
1117 4065 1246 4130 (apolog.

244 4152 273 4191 n·
296 4139 371 4202 150),
389 4135 543 4206 dycvrdruv
560 4139 605 4190 orci
623 4135 758 4198 duocimo
773 4137 897 4206 γέννημα
913 4137 958 4186 acl
975 4135 1080 4207 πόιημα
1103 4141 1196 4200 (apol.
1217 4149 1245 4186 n.

248 4208 319 4271 1⁷0),
346 4216 510 4275 conseptus
533 4213 603 4264 altas
624 4224 766 4277 perrupta,
793 4221 910 4276 aucupa,
934 4220 1047 4276 κτισμα,
1074 4211 1131 4258 vlu.
1151 4220 1181 4258 n·
1199 4207 1245 4258 26.

246 4281 293 4336 ²⁷0
312 4285 341 4332 θ,
358 4280 402 4338 ²8·
439 4281 483 4342 oso
501 4282 572 4348 opp·
587 4282 616 4336 ⁸·
636 4283 735 4336 Bflflffll
753 4283 786 4334 φο
805 4283 828 4333 Ῐο
849 4281 970 4334 praem·
988 4294 1018 4332 ll·
1038 4277 1082 4330 7³0
