2866 4668
1166 291 1297 390 aar*

126 491 385 562 misericordiam
408 492 473 558 sibi
495 490 687 566 vindicent,
716 490 787 556 lien
810 490 940 558 nonnisi
961 489 1178 556 severitatem
1199 498 1234 556 et

125 578 307 645 vindictam
340 577 551 661 relinquunt,
583 593 655 640 cnm
683 582 791 640 mnerr
818 576 979 642 immensa
1008 583 1043 640 et
1064 576 1235 641 innumera

123 657 460 728 sintmiserinnrdiue
483 661 618 726 divinae
641 657 832 731 indicie,·in
856 659 974 744 quibua
997 660 1138 724 maxime
1160 659 1234 739 ipsa

124 743 318 812 incarnatio
337 743 412 809 Filii
435 742 499 807 Dei
520 743 643 808 eminet
666 753 712 817 (c.
735 745 855 818 3-4.).
871 777 907 790 -
931 743 1112 809 Praeterea
1133 743 1234 808 aliam

125 829 298 916 proferunt
320 828 518 894 assertionis
539 844 624 892 snae
646 844 803 902 causam,
825 825 912 910 qnod
934 826 1066 892 scilicet
1084 825 1151 892 Dei
1171 824 1234 890 im-

125 909 331 979 mutabilitas
351 911 384 976 in
408 910 585 978 discrimen
611 909 815 984 adducatur,
841 911 873 976 si
895 910 987 978 Deua
1012 909 1081 986 bis,
1114 909 1234 994 quibua

9 1028 14 1047 ·
125 999 227 1064 tuerit
255 997 381 1071 iratus,
411 996 591 1082 ignoscatt
625 993 686 1060 sed
715 1012 759 1060 ex
787 993 937 1060 doctrina
969 993 1007 1059 S.
1037 991 1233 1077 scripturae
1315 1011 1320 1028 ·

126 1079 289 1156 ostendit,
323 1078 428 1144 Deam
450 1079 550 1144 salva
572 1078 677 1163 ipsius
699 1078 959 1142 immutabilitate
982 1078 1149 1162 peccatori
1172 1095 1235 1142 ue·
1325 1072 1330 1089 ’

124 1167 211 1230 niam
235 1162 422 1240 concedere
443 1170 478 1227 et
500 1181 602 1247 posse
624 1168 659 1227 et
679 1161 770 1227 veile
792 1165 837 1239 (c.
853 1161 1053 1240 ‹bt-Dein
1069 1159 1233 1227 veroNo·
1362 1219 1366 1226 .

7 1261 12 1320 f
125 1247 271 1315 tationis
293 1247 416 1314 acriter
437 1247 556 1324 instat,
580 1244 823 1324 demonstrans,
844 1264 905 1312 eos
928 1261 949 1309 a
972 1243 1117 1323 cbristo,
1139 1245 1234 1327 cnjrm

7 1399 8 1412 ,
123 1332 306 1399 doctrinam
334 1331 493 1415 snperbia
519 1330 828 1412 indati'speruunt,
863 1331 996 1410 cojnsa
1048 1328 1106 1392 ndi
1128 1328 1234 1392 ratin-

123 1433 199 1481 nem
222 1414 398 1491 deserant,
420 1414 550 1480 omnino
572 1430 652 1478 esse
674 1411 819 1490 alienos,
842 1413 906 1478 imo
928 1430 988 1478 eos
1014 1421 1066 1476 ern
1089 1429 1132 1476 ax
1154 1428 1235 1495 pro·
1339 1489 1342 1496 Ι

150 1500 199 1563 ria
214 1495 352 1596 agendi·
368 1499 497 1592 ratione
520 1497 641 1593 erroris
664 1495 767 1561 facite
789 1496 943 1560 convinci
962 1512 1084 1592 posse5
1107 1491 1234 1559 Christi

160 1600 256 1646 omrnr
286 1598 366 1644 vero
396 1580 636 1666 benignitatem
664 1579 706 1644 ob
734 1597 929 1644 concessam
957 1577 1233 1674 hommrbnsupo·

7 1696 13 1734 r
124 1671 282 1732 testatem
300 1663 486 1730 remittendi
503 1669 644 1749 peccata
655 1681 863 1746 summopere
879 1659 1096 1739 commendat,
1113 1676 1234 1744 qorppe

7 1787 12 1822 r
126 1749 181 1834 oni
204 1749 297 1846 „uuit
320 1747 490 1832 plurimam
514 1765 614 1830 posse
638 1745 821 1833 discipulos
844 1765 942 1822 suos,
971 1745 1044 1808 vuit
1071 1759 1234 1808 nservu·
1339 1741 1343 1756 ’

11 1842 13 1853 “
128 1834 172 1898 lis
193 1853 264 1896 aurs
287 1849 329 1896 ea
352 1830 421 1896 fieri
444 1833 476 1896 in
498 1833 630 1896 nomine
652 1849 732 1906 sno,
764 1848 850 1915 qnae
873 1829 1019 1894 faciebat
1040 1829 1115 1912 ipse
1144 1825 1235 1910 posi·
1295 1878 1299 1890 ,

126 1925 182 1981 tus
203 1915 236 1979 in
259 1912 379 1981 terris“
390 1921 435 1992 (c.
448 1913 779 1990 6-8.t.-Tandem
802 1931 986 1980 conversus
1008 1910 1050 1976 ad
1073 1907 1234 1991 objectio-

8 1995 9 2000 ’
125 2018 189 2066 nes
212 1999 489 2078 Novatianorom,
512 2017 553 2065 ex
576 1996 615 2065 S.
639 1998 816 2083 Scriptura
839 1998 960 2081 petitas
981 1995 1066 2076 (scit.
1091 1996 1120 2059 1.
1141 1993 1232 2076 fleg.

7 2097 8 2108 ¹
125 2091 159 2160 2,
181 2086 233 2150 25.
255 2085 341 2148 etl.
357 2082 434 2148 Job.
451 2087 482 2160 5,
506 2087 582 2161 la),
604 2101 665 2149 eas
687 2081 946 2169 quoqne'sotide
969 2078 1111 2164 reieltit3
1134 2093 1235 2163 prae·

7 2185 9 2194 ’
124 2169 238 2234 sertim
270 2185 350 2233 aero
376 2168 567 2234 immoratur
594 2170 626 2232 in
658 2164 858 2251 explicando
881 2163 1118 2232 tocoJoannis
1141 2161 1235 2246 dpa-

124 2252 215 2327 stoli,
239 2269 305 2318 non
327 2269 407 2316 esse
429 2251 586 2316 orandam
610 2267 667 2334 pro
690 2268 741 2327 eo,
764 2251 819 2337 qai
841 2249 1041 2316 commiserit
1062 2249 1235 2332 peccatum

125 2335 171 2402 ad
193 2341 341 2413 mortem,
364 2335 504 2418 fuseque
528 2334 645 2418 probat
665 2353 709 2400 ex
723 2335 897 2419 Apostolis
911 2333 1046 2397 Joanne
1068 2337 1103 2394 et
1119 2327 1235 2404 Panto,

126 2421 204 2495 eos,
232 2417 286 2500 qni
311 2425 482 2499 peccatum
505 2416 548 2482 ad
572 2423 708 2483 mortem
730 2417 890 2492 iecerint,
922 2433 986 2479 non
1014 2410 1233 2486 deserendus,

126 2499 191 2566 sed
215 2500 439 2583 poenitentiae
461 2499 698 2582 subjiciendos,
721 2507 756 2565 et
777 2505 951 2584 postquam
974 2494 1142 2561 emendati
1160 2493 1236 2558 iue-

125 2585 208 2661 rint,
234 2584 267 2647 in
290 2583 551 2648 communionem
573 2583 836 2650 ecclesiasticam
858 2579 1070 2667 recipiendus
1091 2594 1170 2644 esse
1191 2579 1235 2652 (c.

127 2675 204 2735 o-
223 2669 299 2744 tu).
343 2663 469 2745 Quibus
491 2667 524 2732 in
547 2665 611 2730 dne
637 2655 831 2750 sobjdngit,
864 2664 997 2730 nonnisi
1026 2681 1087 2748 spe
1114 2659 1236 2726 veoia‘e

7 2779 8 2784 ¹
127 2750 299 2836 proposita
329 2757 536 2833 peccatorem
567 2751 754 2837 permoveri
789 2768 890 2834 posse
923 2747 966 2815 ud
1001 2742 1235 2831 poenitentiam

7 2879 19 2928 p
126 2833 297 2916 agendam
321 2837 366 2910 (c.
391 2836 429 2898 16
446 2869 490 2882 -
506 2835 554 2900 17.
578 2833 622 2900 ci.
646 2853 678 2898 n.
702 2835 791 2913 lb),
827 2832 968 2918 ideoque
997 2847 1041 2894 ex
1062 2827 1234 2913 principiis

125 2918 390 2984 Novationnrum
412 2935 507 2984 omne
530 2919 754 3004 poenitentiae
776 2917 920 2983 studium
942 2914 1024 2980 tulii.

210 3001 312 3066 Libro
335 2999 380 3064 li.
404 3008 577 3085 postquam
601 3000 732 3077 docuit,
754 3018 818 3082 non
841 3005 966 3063 tantam
989 2993 1150 3070 sollicite,
1172 2991 1234 3057 sed

126 3091 253 3152 mature
279 3081 380 3169 etiam
409 3086 644 3181 poenitentiam
666 3082 956 3181 esseuagendam,
985 3098 1026 3144 ec
1047 3076 1236 3172 necessita-

7 3317 8 3324 ,
127 3167 581 3334 apotactitae
600 3167 789 3340 actitat,
804 3174 849 3314 a
865 3162 1236 3338 timoratae

7 3405 9 3438 ¹
126 3355 209 3487 tto
226 3333 776 3502 t,tttt‘tat'ttatttta
797 3332 928 3495 'diii‘
949 3323 1236 3490 3¹³i⁸¹¹ii⁰⁶iii

919 3461 927 3478 ·
1031 3449 1141 3486 ⁶··r
1225 3455 1234 3487 a

126 3503 184 3588 qni
207 3507 284 3585 post
307 3497 502 3582 baptismum
525 3501 614 3585 tapsi
636 3507 768 3581 essent,
797 3497 953 3565 renovari
978 3459 1047 3560 non
1077 3493 1233 3578 possein

127 3582 366 3673 poenitentiam
388 3589 429 3660 (c.
452 3585 580 3670 2-3.);
613 3587 753 3650 alterum
774 3601 856 3650 vero
879 3581 980 3648 iidem
1003 3575 1235 3644 mutuabantur

127 3689 171 3738 ex
194 3666 310 3736 verbis
334 3665 465 3732 Domini
487 3665 622 3743 (Mattb.
650 3671 696 3748 ta,
718 3667 883 3743 31-32.)‚
905 3667 1076 3750 peccatum
1092 3661 1142 3759 in.
1156 3658 1235 3745 Spi-

128 3755 223 3820 ritum
246 3749 285 3817 S.
309 3769 417 3837 neque
437 3751 472 3815 in
493 3751 568 3830 boc,
590 3770 698 3837 neque
718 3751 753 3818 in
775 3749 884 3816 intuto
906 3745 1043 3815 saeculo
1066 3743 1234 3812 drmrtten-
1316 3759 1321 3780 ‘

130 3837 307 3903 domasse
329 3837 379 3911 (c.
401 3837 466 3916 4.);
495 3835 648 3982 Ἇυοηίαω
670 3853 751 3902 vero
775 3835 895 3900 Petrus
908 3831 1099 3916 apostotus
1120 3829 1235 3896 Simo-

127 3936 203 3984 nem
226 3935 357 4002 magum
379 3919 473 3993 (Act.
528 3925 612 4003 post.
634 3917 667 3996 8,
689 3919 846 3993 21-23.)
868 3913 1103 4003 poenitentiam
1126 3927 1234 3996 agere

123 4001 238 4087 jussit,
260 4006 295 4066 et
316 4003 444 4083 precari
467 3999 587 4078 Deum,
616 4002 647 4066 si
668 4003 763 4086 sorte
783 4000 1004 4068 remitteretur
1024 3999 1034 4063 i
1058 3997 1088 4062 si
1109 4004 1234 4077 pecca*

128 4085 251 4182 tamin
275 4081 434 4179 Spiritum
456 4083 494 4154 S.
518 4087 742 4165 commissam,
770 4103 843 4150 earn
867 4101 996 4172 quoqne
1017 4017 1235 4172 ndJectionem

128 4167 239 4238 solrde
265 4167 390 4233 reiettrt
418 4175 463 4246 tc.
489 4173 544 4246 a).
576 4167 676 4236 ,Hinc
697 4169 908 4236 occasionem
929 4174 1046 4234 nactus
1068 4157 1234 4227 Cbrrstra·

126 4272 191 4322 nos
224 4249 372 4318 bortatur
399 4249 443 4318 ad
471 4252 723 4340 poenitentiam,
752 4254 845 4338 cujm
874 4261 910 4322 et
932 4256 1046 4338 partes
1067 4243 1234 4333 singulae,
