2866 4652
157 315 213 390 vr

158 503 222 576 tim
262 499 381 577 deluit
425 499 719 576 necessariorum
761 500 868 601 copia
901 497 1095 590 librorum3
1135 501 1265 600 partim

157 623 270 702 incidi
299 627 335 699 in
362 625 477 701 libros
504 626 770 742 supposititios,
798 626 928 725 quibus
946 623 1112 700 sedulam
1132 627 1265 700 navari

158 774 329 852 operam,
367 749 489 826 dorrec
523 750 660 848 aliquot
685 759 771 851 post
797 773 914 826 annos
940 772 1101 825 errorem
1130 748 1267 853 depre-

15 885 17 904 '
156 873 289 967 heudi3
323 878 452 977 partim
485 874 765 952 difficultatibus
798 874 895 950 haud
929 877 1080 974 exiguis
1111 877 1147 949 in
1172 897 1266 950 vero

157 1003 309 1078 istorum
337 999 507 1079 librorum
534 1021 651 1077 sensu
676 998 913 1100 assequendo
944 999 1141 1102 impeditus
1174 999 1267 1076 hae·

158 1128 211 1219 si3
238 1149 309 1203 nec
336 1129 436 1228 potui
464 1127 627 1226 reperire
653 1125 787 1202 modici
813 1126 1010 1202 voluminis
1037 1124 1178 1218 librum,
1205 1126 1266 1225 qui

157 1249 381 1358 praesidium
409 1253 503 1326 satis
529 1258 650 1353 aptum
676 1252 714 1324 iu
742 1249 848 1328 hisce
873 1253 1057 1350 angustiis
1091 1250 1268 1326 submini-

158 1383 329 1452 strasset
381 1375 530 1450 Etenim
555 1377 615 1475 qui
642 1374 691 1452 de
709 1374 785 1453 88.
804 1376 990 1464 Patribus,
1018 1399 1143 1452 eorum
1164 1374 1268 1477 Ope·

157 1498 277 1595 ribus,
316 1499 558 1593 editionibus,
598 1500 777 1578 subsidiis
809 1501 976 1578 scrihere
1018 1503 1266 1593 instituerunt,

156 1625 222 1702 vel
254 1633 310 1704 iot
345 1626 531 1701 volumina
566 1626 737 1728 impleut,
778 1635 817 1701 ut
851 1629 997 1702 nonnisi
1033 1626 1267 1728 paucissimis

157 1752 270 1827 otium
296 1752 487 1827 animusve
513 1752 580 1845 sit,
613 1749 718 1852 Opus
744 1760 817 1826 tam
844 1750 921 1827 late
949 1749 1138 1845 diffusum,
1169 1749 1267 1851 quod

156 1874 216 1951 20
241 1875 382 1951 'l'omos
416 1884 456 1951 et
489 1874 644 1976 amplius
679 1876 935 1978 complectitur
960 1879 1128 1976 (Dupin,
1161 1875 1269 1952 Cell-

157 1999 271 2093 lier),
297 1999 425 2099 lingua
451 2001 603 2102 insuper·
628 2001 767 2100 gallica
793 2011 1000 2093 exaratum,
1028 2023 1268 2102 percurrere;

155 2124 220 2200 vel
247 2134 349 2200 tauta
375 2124 557 2200 brevitate
584 2125 769 2218 lahoraot,
807 2134 846 2201 ut
879 2126 960 2200 iere
994 2149 1064 2200 nou
1102 2129 1268 2228 reperia-
1421 2189 1422 2218 ,

157 2256 217 2325 tur
242 2249 339 2342 illie,
371 2251 442 2327 nisi
467 2250 571 2326 arida
597 2261 635 2328 et
656 2257 789 2353 jejuna
815 2249 1001 2325 titulorum
1028 2252 1267 2342 enumeratio,
1421 2269 1422 2300 i

157 2399 252 2476 quae
278 2376 456 2452 lectorem
484 2377 619 2475 fatigat
644 2376 842 2477 taedioque
869 2375 985 2453 afficit
1011 2379 1267 2479 potiusquam

158 2502 308 2578 instruit
348 2502 577 2597 (wilhelm,
625 2501 887 2596 Schlciehert‚
922 2503 1101 2594 Tolum,
1146 2501 1268 2577 Gold-

157 2629 311 2719 witzer,
349 2629 492 2719 Busse,
538 2631 740 2724 Annegaru
777 2633 901 2717 ete),
945 2628 1007 2701 vel
1052 2628 1084 2700 si
1122 2625 1269 2722 quando

159 2750 265 2824 honis
291 2751 468 2848 auspiciis
495 2771 657 2849 coepere
696 2749 903 2849 (humpen,
943 2748 1134 2840 Mueller,
1172 2751 1269 2826 Per-

158 2871 379 2964 maueder),
415 2895 495 2948 curu
528 2871 576 2946 ad
603 2874 705 2947 initia
732 2867 874 2949 saeculi
908 2873 976 2949 lv.
1003 2886 1268 2976 pervenerunt,
1419 2865 1420 2910 ³

158 2997 219 3072 uhi
257 2999 467 3072 immensum
502 2997 584 3072 lere
621 2995 698 3074 88.
725 2999 873 3074 Patrum
908 2999 1066 3101 pelagus
1092 3002 1267 3100 aperitur,

159 3125 238 3199 fato
270 3127 388 3198 miuus
414 3146 593 3224 prospero
627 3133 839 3218 cessarunt,
874 3137 913 3199 ut
938 3124 1043 3227 Opus
1076 3125 1268 3201 multorum
1418 3201 1419 3230 ἒ

158 3251 258 3325 votis
284 3250 486 3352 expetitum
514 3259 721 3324 remaneret
748 3251 1011 3350 imperfectum.
1064 3251 1165 3327 llinc
1199 3249 1269 3326 de-
1418 3239 1419 3278 ³

158 3373 334 3451 siderium
370 3381 532 3464 enatum,
566 3383 605 3448 ut
637 3375 817 3472 integrum
852 3376 1048 3452 haberetur
1073 3375 1194 3476 tipus,
1231 3378 1266 3450 in

159 3524 230 3599 quo
263 3503 383 3576 omnia
417 3497 492 3577 88.
521 3497 666 3575 Petrum
694 3498 819 3601 Opera
853 3505 1014 3601 genuina
1047 3502 1150 3576 hreni
1176 3523 1269 3576 con-

158 3633 292 3727 spectu
324 3624 606 3717 exhiberentur,
641 3623 829 3702 editiones
856 3629 1013 3727 optimae
1045 3634 1085 3702 et
1112 3627 1268 3702 maxime
1417 3629 1418 3662 ⁷

158 3751 411 3842 recentiores,
445 3773 515 3826 uec
542 3775 613 3826 non
640 3749 808 3826 subsidia
833 3751 880 3827 ad
908 3751 982 3830 88.
1012 3751 1146 3829 Patres
1173 3753 1266 3826 laci·

157 3875 230 3954 lius
257 3873 523 3974 intelligendos
551 3874 808 3951 iudicarentur.

260 4003 394 4102 Neque
422 4007 561 4092 tamen,
596 4001 726 4074 virium
754 4022 912 4076 mearum
939 4003 1032 4078 satis
1060 3999 1145 4074 mihi
1173 4021 1264 4073 con-

157 4129 277 4220 seins,
305 4125 406 4203 istud
434 4126 601 4203 molimen
629 4129 902 4228 suscepissem,
930 4128 1002 4204 nisi
1029 4125 1124 4201 alma
1150 4121 1263 4200 Com·

155 4251 285 4330 missio
320 4253 458 4350 aulica,
498 4251 633 4330 studiis
669 4253 705 4326 iu
741 4250 896 4330 Austris
938 4252 1023 4330 olim
1061 4249 1263 4351 praelecta,
