2886 4660
212 315 256 383 te

212 491 353 550 strorarn
367 477 543 546 Ecclesiae
560 475 712 560 iudicare
733 477 910 546 sententiis
931 485 965 542 et
986 477 1127 544 alterum
1149 479 1323 561 praeiens

215 565 337 634 ulteri“
359 567 391 641 *t
420 561 481 630 sed
512 561 675 648 quaedam
705 567 831 630 tanton
865 562 1026 646 principia
1056 561 1109 626 liic
1131 569 1323 630 statuuntur

214 658 308 719 certa
341 657 376 716 et
410 648 521 727 firma,
554 665 596 714 ex
627 646 747 732 quibus
777 647 986 713 auctoritatis
1016 645 1144 731 gradus
1179 646 1322 714 dimetiri

213 737 303 803 lieet.

299 841 344 948 1)
367 841 503 932 Singuli
515 842 635 910 Patres
656 859 697 910 eo
719 843 834 926 majori
856 839 1007 920 garrdent
1028 842 1236 921 auctoritate,
1258 863 1321 932 qno

215 933 332 1018 majora
359 928 549 996 sanctitatis
578 935 613 993 et
639 924 834 993 eruditionis
855 926 956 994 lande
979 927 1168 1008 floruerunt,
1190 930 1323 1012 majori-

216 1035 280 1106 que
302 1022 421 1102 postea
449 1013 482 1078 in
509 1011 667 1080 Ecclesia
688 1011 934 1077 existimatione
963 1029 1003 1076 oc
1030 1011 1119 1076 faura
1146 1011 1251 1076 luove
1272 1011 1324 1078 la-

215 1109 315 1188 teque
335 1099 387 1163 dis
412 1115 490 1162 ersa
512 1096 607 1181 potiti
627 1101 724 1182 sont3
747 1114 810 1182 quo
832 1095 1012 1182 praecipue
1033 1103 1189 1196 spectant
1203 1065 1323 1162 finires

217 1184 315 1254 simul
338 1189 373 1248 et
426 1187 558 1246 octores
581 1179 774 1260 Ecclesiae,
804 1186 840 1245 et
860 1179 948 1245 inter
970 1179 1030 1246 lios
1050 1184 1166 1247 iterum
1187 1183 1324 1270 „magui

217 1268 396 1336 Ecclesiae
417 1263 603 1331 Doctores“
625 1262 717 1356 (uid.
740 1281 841 1348 sopra
864 1247 902 1340 S.
930 1259 1004 1350 13).
1053 1263 1213 1350 ‚,Alrsit,“
1232 1272 1324 1330 recte

217 1352 335 1419 dehis
358 1349 470 1416 dicere
492 1368 671 1432 possumus
693 1367 765 1414 cum
787 1345 825 1414 S.
851 1349 1060 1436 Augustino,
1083 1348 1210 1433 „absit,
1234 1357 1275 1417 ot.
1289 1357 1323 1418 to

217 1435 307 1502 aliod
332 1431 454 1526 (quam
476 1433 634 1499 Ecclesia
656 1429 832 1499 catholiea
852 1425 953 1519 ipsa)
972 1451 1130 1518 saperes,
1166 1439 1199 1499 et
1225 1435 1258 1498 in
1282 1451 1325 1498 ea

217 1529 285 1587 tarn
307 1519 509 1605 proecipuus
531 1516 726 1584 emineres.“
747 1518 800 1597 ”)

301 1627 347 1722 2]
369 1629 490 1714 Majori
513 1648 609 1716 porro
631 1627 830 1696 auctoritate
851 1627 1004 1718 gaudent
1026 1627 1157 1712 Patres,
1177 1628 1232 1718 qui
1253 1649 1325 1696 cum

219 1716 368 1784 omuibus
400 1715 470 1782 lere
499 1721 557 1780 aut
584 1713 736 1802 plurimis
762 1713 815 1780 sui
842 1713 921 1778 oevi
951 1712 1128 1800 Episcopis
1162 1715 1326 1796 conjuncti

218 1799 330 1878 fuere,
353 1805 387 1864 et
408 1797 638 1866 commercium
658 1794 838 1883 epistolare
861 1795 1033 1876 foverunt,
1063 1797 1119 1864 uel
1147 1798 1204 1886 qui
1226 1805 1326 1866 totum

219 1885 292 1950 iere
322 1884 433 1949 orbem
463 1881 689 1950 Christianum
719 1886 957 1979 peragrarunt,
989 1881 1109 1968 ubique
1137 1901 1265 1950 summa
1293 1885 1326 1950 iu
1431 1923 1432 1942 r

219 1967 437 2036 veneratione
466 1965 587 2043 habiti,
614 1965 671 2034 vel
702 1985 757 2064 qur
786 1966 931 2052 ipsorum
960 1965 1196 2063 Apostolorum
1224 1966 1327 2034 disci-

219 2052 288 2137 puli
309 2058 368 2117 aut
389 2052 508 2118 saltem
533 2049 738 2140 Apostoliors
765 2051 966 2136 temporibus
988 2051 1091 2118 vienn
1118 2052 1230 2131 suere,
1252 2053 1326 2134 aas)
1431 2071 1432 2124 t

160 2191 168 2198 .
220 2135 416 2221 praesertim
439 2135 470 2198 in
493 2133 563 2210 lais,
586 2135 642 2200 ubi
664 2133 760 2200 simul
783 2132 909 2200 diserte
932 2133 1018 2200 hane
1039 2154 1118 2201 esse
1139 2135 1238 2202 tidem
1258 2136 1328 2202 Eo·
1431 2149 1432 2154 ’

220 2220 359 2296 clesiue,
379 2237 401 2282 a
424 2219 603 2299 majoribus
623 2219 698 2283 sive
718 2218 890 2304 etpostolis
913 2218 1080 2300 traditam,
1101 2227 1137 2287 ct
1158 2221 1200 2286 ab
1222 2221 1329 2286 omui-

219 2305 282 2369 bus
303 2300 488 2369 Catholicis
510 2302 616 2369 teneri
639 2301 815 2368 affirmant

268 2500 274 2513 Ι
304 2407 350 2567 311)
373 2413 493 2496 Maiori
527 2413 605 2480 item
640 2414 768 2500 pollent
798 2415 996 2482 auctoritate
1030 2415 1155 2503 scripta
1187 2416 1328 2496 illorum,
1431 2361 1432 2418 }

219 2519 276 2653 ἷιιῗιΙ
298 2499 463 2652 lfiaaeresira
500 2584 645 2670 aliquam
677 2591 945 2671 propugnarunt,
980 2582 1036 2671 qui
1074 2585 1209 2671 aliquod
1249 2585 1329 2652 tidei
1431 2655 1432 2678 ,

126 2729 132 2738 .
217 2669 344 2749 dogma
372 2669 550 2753 praecipue
580 2666 825 2734 defendendum
853 2677 1089 2752 susceperunt,
1120 2671 1175 2755 qui
1204 2671 1239 2734 in
1261 2670 1331 2738 ali-
1431 2687 1432 2732 ι

92 2751 98 2766 “
219 2771 319 2837 quam
340 2751 508 2817 haeresim
528 2749 760 2835 proterendam
781 2753 861 2818 totis
882 2753 1008 2820 virilius
1028 2753 1225 2834 incubuere,
1252 2772 1332 2820 una-
1431 2763 1432 2788 ¹

343 2518 393 2565 em
416 2498 594 2566 Ecclesiae
615 2504 779 2585 tamquam
803 2500 1022 2585 primipilares
1050 2508 1085 2567 et
1115 2501 1217 2568 duces
1246 2521 1329 2568 con·
1431 2499 1432 2570 l

218 2854 322 2902 versa
342 2833 571 2920 applaudente
587 2833 761 2918 Ecclesia3
785 2855 946 2922 nosquam
968 2838 1056 2904 enim
1077 2838 1205 2917 melros,
1226 2856 1331 2906 aeeu-
1431 2851 1432 2888 t

218 2921 325 2986 ratius
353 2926 454 3017 atque
487 2919 663 2986 nervosius
691 2919 769 2987 lidei
805 2923 963 3005 mysteria
995 2941 1193 3006 exposuere.
1254 2918 1330 3003 (luo
1431 2925 1432 2992 ζ

218 3005 358 3090 primum
380 3021 467 3070 enam
489 3008 637 3088 tempore
658 3023 745 3070 noua
766 3023 913 3071 errorum
927 3014 1121 3074 ’commenta
1139 3007 1330 3094 prodibant,
1395 3065 1401 3076 ,
1431 3007 1432 3020 ’

217 3088 334 3155 divina
355 3086 574 3155 Providentia
594 3086 716 3154 dodum
739 3089 1008 3170 praedestinatos
1030 3092 1191 3158 excitauit
1209 3091 1332 3160 l‘atres
1431 3101 1432 3172 ᾗ

217 3180 320 3260 atque
349 3172 536 3252 Doctores,
575 3171 618 3238 ad
647 3172 823 3238 Ecclesiae
853 3175 1071 3260 veritatisque
1099 3175 1332 3244 defensionem

218 3263 449 3345 comparatos,
484 3275 525 3322 ac
558 3275 622 3321 non
656 3260 781 3319 tanturn
817 3255 967 3341 impenso
999 3259 1142 3326 tuendae
1175 3261 1332 3326 veritatis
1431 3325 1432 3334 ,

217 3360 348 3424 amore,
381 3361 496 3408 verum
527 3340 628 3405 eciam
656 3338 785 3425 ingenii
813 3341 964 3410 acumine
995 3363 1191 3430 summaque
1214 3343 1332 3412 eradi-

219 3427 311 3494 tione
339 3426 463 3522 celeris
491 3421 642 3516 omnituus
669 3421 774 3511 louge
804 3431 1038 3510 praestantem
1074 3423 1157 3582 qipa
1185 3427 1264 3494 ideo
1295 3428 1332 3494 in

216 3511 277 3576 tali
299 3517 496 3593 quaestione
517 3510 725 3590 potissumum
746 3517 839 3581 corto
858 3511 1016 3580 mevenit
1035 3530 1077 3582 au
1106 3511 1204 3580 'eet
1221 3511 1333 3598 sequi.

217 3589 328 3672 Quare
351 3593 386 3657 iu
408 3590 472 3656 liae
493 3587 610 3654 eadem
631 3587 826 3674 quaestione
848 3592 1062 3682 dogmatica,
1095 3596 1139 3666 de
1167 3615 1234 3682 qua
1259 3605 1333 3663 tum

218 3673 437 3758 disceptatum
460 3671 540 3754 luit,
569 3690 633 3738 non
655 3675 762 3744 solum
784 3677 892 3762 quoad
915 3680 1020 3766 ipsam
1042 3681 1213 3769 dogmatis
1234 3701 1333 3747 sum-

268 4003 293 4069 ')
311 4011 341 4058 8.
361 4011 474 4064 Hieron·
492 4013 644 4066 comment.
664 4015 867 4070 invenisne.
887 4018 904 4072 9
923 4032 950 4068 ι.
974 4017 1009 4074 et
1028 4015 1071 4082 (T.
1092 4021 1128 4070 V·
1149 4033 1174 4082 p.
1195 4017 1275 4078 681).

248 4100 298 4166 “l
315 4107 345 4156 8·
364 4110 513 4173 dogmata.
533 4125 559 4164 a.
577 4113 685 4164 Jmtau.
703 4115 724 4164 l.
745 4118 767 4166 t.
785 4128 816 4166 ιι.
833 4115 880 4170 al.

230 4197 299 4265 m)
317 4205 376 4256 lloc
394 4209 475 4260 tltulo
492 4213 521 4261 s.
543 4211 685 4262 trenaeona
706 4215 895 4263 commendant
912 4215 942 4261 S.
961 4215 1083 4264 llaslttos
1101 4216 1140 4264 Μ.
1166 4213 1202 4262 de
1220 4213 1336 4274 Spiritu
1431 4181 1432 4200 Χ

316 4279 346 4344 §-
367 4290 394 4326 ιι.
416 4277 448 4330 72
466 4285 495 4330 et
513 4283 542 4330 s.
563 4285 736 4345 Augustanos
755 4294 782 4334 e·
799 4284 907 4334 lullan-
927 4283 947 4332 l.
967 4285 991 4334 l·
1011 4297 1040 4336 ιι.
1060 4285 1087 4335 d.
