2886 4660
204 321 245 384 w
332 260 343 281 .

246 493 309 559 lll.
336 495 503 562 Accusata
525 492 738 580 ’theologiae
761 491 894 579 proprie
915 491 995 558 talis
1016 489 1187 580 cognitio3

245 603 306 669 lv.
330 605 517 672 familiaris
540 603 578 672 S.
601 603 795 688 Scripturae
817 603 950 682 nolitis,

247 715 290 779 V.
315 712 442 782 Notitia
465 715 634 783 Historiae
657 715 921 782 Ecclesiasticae
942 716 1148 802 generatim,

245 827 307 892 Vl.
329 836 364 890 et
386 828 420 892 in
443 828 558 913 speeie
580 827 740 894 historiae
765 826 855 908 ritae
876 823 942 891 88.
968 825 1102 891 Petrum
1128 832 1163 891 et
1190 845 1317 891 eorun-

307 910 383 976 dem
405 911 569 1000 operum}

245 1021 323 1086 vll.
352 1019 505 1109 Denique
536 1043 618 1088 usus
651 1021 838 1087 Editiouum
868 1019 1248 1104 praestantissimarum,
1279 1019 1314 1085 in

307 1125 369 1190 quo
393 1107 520 1192 reliqua
542 1107 614 1172 fere
637 1107 746 1172 omnia
765 1104 919 1170 subsidia
940 1103 1274 1192 comprehenduntur.

701 1285 739 1374 s.
762 1301 816 1365 32.

529 1441 556 1507 l.
604 1442 754 1526 Cogrrr'tr'o
777 1441 975 1524 linguarum.

287 1608 428 1675 Primum
450 1559 553 1696 igitur
580 1585 734 1674 scientiis
760 1604 956 1693 quibusdam
985 1606 1134 1690 profanis
1168 1605 1313 1671 imitatus

201 1711 279 1760 csse
305 1691 423 1772 dehet,
453 1693 508 1779 qui
536 1691 579 1759 ad
610 1694 786 1758 lectionem
818 1689 884 1758 88.
922 1689 1054 1756 Petram
1080 1688 1246 1757 accedere
1276 1696 1312 1754 et

202 1776 331 1860 plenam
360 1795 403 1842 ex
435 1796 478 1842 ea
506 1777 638 1845 haurire
668 1777 842 1842 utilitatem
870 1773 1024 1840 volucrit.
1075 1775 1149 1840 lluc
1176 1781 1312 1857 spectat

200 1861 349 1947 cognitio
387 1861 590 1950 linguarum,
620 1859 867 1946 philosophiae,
893 1855 1053 1923 historiae
1082 1858 1243 1944 profanae
1276 1862 1315 1921 et

201 1944 437 2032 mythologice.
482 1945 661 2011 Maximam
693 1945 867 2010 utilitatem
901 1942 1086 2026 praestabit
1118 1942 1311 2030 linguarum
1438 1991 1439 2004 ,

200 2029 359 2174 capnitis.
416 2027 617 2094 Sanctorum
646 2029 778 2094 Petrum
801 2028 922 2113 quippe
943 2022 1057 2111 Opera
1085 2025 1140 2092 vel
1170 2043 1313 2110 greces,

201 2128 245 2173 ve
282 2110 386 2173 latina
407 2113 463 2175 vel
485 2113 619 2194 syriaco
634 2113 752 2198 lingua
767 2113 956 2195 conscripta
972 2116 1059 2175 suut.
1090 2110 1207 2192 ltaque
1228 2128 1314 2186 cnm,
1438 2137 1439 2142 ¹

204 2193 259 2275 «μή
281 2189 349 2257 88.
365 2192 498 2258 Patriam
511 2192 624 2279 (lpern
646 2197 744 2280 pleno
768 2213 841 2260 cam
863 2195 970 2260 fructa
991 2194 1108 2282 legere
1130 2191 1314 2266 desiderat,

201 2274 323 2340 saltem
345 2295 503 2364 graecam
526 2287 561 2345 et
581 2279 718 2345 latinam
741 2279 891 2364 linguam
914 2277 962 2342 ita
984 2297 1084 2343 nosse
1110 2283 1251 2362 oportet,
1277 2285 1314 2342 ut

200 2376 318 2424 vocum
340 2361 622 2448 significationes,
654 2363 829 2430 dictionum
853 2383 911 2447 pro
938 2362 1074 2428 rietntes
1097 2371 1130 2428 et
1158 2361 1314 2427 enuntia-

200 2442 324 2508 tionum
353 2463 488 2512 sensum
516 2457 626 2515 mente
658 2447 849 2536 perspiciat.
901 2383 1049 2528 duceris
1078 2447 1165 2512 euim
1193 2447 1314 2533 lingua

199 2529 302 2594 multa
324 2529 427 2597 habet
447 2530 512 2598 sibi
535 2533 684 2618 propria,
707 2550 793 2618 quae
816 2532 849 2596 ia
885 2531 1001 2616 lingua
1028 2530 1139 2596 alienu
1164 2531 1222 2596 vix
1251 2539 1312 2595 nat

200 2630 243 2677 ne
265 2615 323 2678 vix
345 2616 475 2701 quidem
499 2617 748 2684 accommodate
775 2614 870 2680 reddi
900 2614 1054 2702 possint,
1086 2633 1156 2680 eum
1186 2613 1242 2679 rel
1268 2613 1313 2677 olr

199 2696 375 2762 verborum
399 2702 567 2783 penuriam
596 2701 833 2786 expressiones
861 2698 1068 2785 adaequatae
1094 2698 1218 2769 desint,
1251 2696 1314 2761 vel
1439 2751 1440 2766 r

200 2779 304 2843 totins
328 2791 504 2847 contextas
534 2786 634 2868 rigor
662 2786 695 2850 in
726 2785 839 2850 aliens
866 2784 1000 2870 lingna,
1029 2801 1116 2868 quae
1143 2797 1314 2868 persaepe
1439 2785 1440 2854 l

200 2880 264 2927 non
288 2870 383 2959 tanta
407 2865 633 2934 formationum
655 2877 690 2935 et
712 2868 885 2934 flexionum
907 2869 1081 2946 ubertate,
1103 2883 1210 2950 neque
1230 2871 1313 2929 tau-

202 2953 238 3008 ta
262 2945 416 3014 dictionis
439 2951 623 3026 srrlrtilitate
645 2961 679 3018 et
700 2959 930 3030 accuratione,
952 2969 1062 3036 neque
1084 2958 1177 3018 tanta
1199 2949 1314 3034 perio-

201 3028 314 3096 dorum
338 3034 561 3101 concinnitate
584 3037 729 3121 gandet,
751 3036 890 3122 exprimi
914 3045 1068 3119 uerprreal,
1090 3035 1145 3102 vel
1168 3033 1315 3116 denique

198 3122 355 3180 accurata
377 3125 409 3182 et
432 3119 577 3205 elegans
593 3118 668 3187 'reru
690 3120 858 3187 tractandi
880 3119 1053 3185 methodus
1076 3120 1108 3184 in
1125 3119 1234 3183 alienu
1248 3117 1313 3182 lin-

198 3215 268 3282 gua
289 3200 330 3264 ol)
352 3199 518 3270 diversum
549 3207 700 3272 minusue
721 3205 885 3271 excultum
915 3204 1104 3290 linguarum
1133 3203 1314 3268 characte-

198 3297 266 3346 rem
289 3283 492 3353 obfuscetur.
515 3292 551 3361 ¹⁸)
604 3290 742 3353 Praeter
765 3288 827 3352 has
850 3288 998 3354 rationes
1019 3307 1063 3353 ex
1085 3286 1221 3352 diverso
1244 3286 1311 3349 liu-

197 3383 338 3450 gnarum
361 3370 557 3439 charactere
581 3371 754 3437 derivatas
777 3372 910 3438 accedit
941 3371 1008 3437 alin
1038 3391 1079 3435 ex
1110 3369 1310 3435 difficultate

198 3451 391 3520 inveniendi
415 3455 642 3540 interpretem,
665 3456 719 3539 qai
741 3455 817 3521 huic
837 3463 931 3522 lanto
953 3455 1090 3538 negotio
1105 3455 1311 3520 satisfacere

196 3539 313 3612 possit.
337 3537 470 3602 Cullent
492 3539 576 3603 enirn
601 3539 765 3623 interpres
787 3557 930 3606 necesse
952 3549 1006 3604 est
1028 3541 1186 3614 nur-toris,
1208 3557 1306 3622 ouem

195 3621 429 3703 interpretator
453 3621 600 3706 liugnam
624 3631 658 3687 ot
689 3643 780 3700 enm,
808 3643 872 3706 qua
889 3625 1149 3709 iuterpretatur:
1179 3623 1308 3688 illarum

196 3701 309 3774 vires,
337 3703 526 3790 elegantias
548 3713 582 3770 et
605 3705 736 3792 lepores
761 3707 906 3773 funditas
930 3697 1148 3796 cognoscat,
1171 3724 1211 3772 ac
1246 3703 1312 3770 de·
1439 3721 1440 3728 ’

198 3873 405 3906 ῃ,

247 3993 274 4052 ‘l
295 3997 334 4046 Da
353 4001 395 4048 his
414 4003 625 4053 difficultatibus
645 4006 757 4055 maltum
778 4009 860 4058 etlam
880 4011 1058 4070 conqueritur
1076 4007 1304 4067 &Hieronymus

201 4127 204 4132 ¹
297 4071 326 4117 tn
347 4069 470 4120 praelat.
491 4075 518 4122 tn
531 4073 683 4125 chronicon
705 4076 818 4128 llasebll
837 4090 853 4126 a
872 4091 903 4127 se
921 4079 1009 4127 latiae
1027 4088 1138 4127 versun
1159 4077 1203 4133 (τ.
1224 4076 1305 4124 Vlll.

300 4151 362 4200 Μ·
385 4143 408 4189 ¹·
428 4140 532 4206 uqa-l·
568 4143 612 4193 cf.
631 4142 757 4209 ejusdcm
775 4151 804 4197 s.
824 4149 989 4209 tltcronymt
1014 4159 1059 4210 sp.
1080 4145 1140 4206 57.,
1166 4157 1237 4208 quac
1256 4148 1305 4194 tn-

296 4209 447 4340 ἓῖτιίιίέίαότ·
484 4213 524 4264 De
542 4218 642 4278 optlrno
661 4230 766 4282 acuere
792 4219 1007 4280 interpretandi.
1044 4215 1076 4268 G·
1095 4217 1183 4270 l’llull
1201 4217 1253 4265 ΙΙΙ).
1274 4211 1306 4266 f.
