<?xml version="1.0" encoding="UTF-8"?>
<!DOCTYPE html PUBLIC "-//W3C//DTD XHTML 1.0 Transitional//EN"
    "http://www.w3.org/TR/xhtml1/DTD/xhtml1-transitional.dtd">
<html xmlns="http://www.w3.org/1999/xhtml" xml:lang="en" lang="en">
 <head>
  <title>
</title>
<meta http-equiv="Content-Type" content="text/html;charset=utf-8" />
  <meta name='ocr-system' content='tesseract 3.04.00' />
  <meta name='ocr-capabilities' content='ocr_page ocr_carea ocr_par ocr_line ocrx_word'/>
</head>
<body>
  <div class='ocr_page' id='page_1' title='image "./institutionespa01fessgoog_0176.png"; bbox 0 0 2886 4660; ppageno 0'>
   <div class='ocr_carea' id='block_1_1' title="bbox 753 0 1407 2">
    <p class='ocr_par' dir='ltr' id='par_1_1' title="bbox 753 0 1407 2">
     <span class='ocr_line' id='line_1_1' title="bbox 753 0 1407 2; baseline 0 0"><span class='ocrx_word' id='word_1_1' title='bbox 753 0 1407 2; x_wconf 95' lang='lat' dir='ltr'><strong> </strong></span> 
     </span>
    </p>
   </div>
   <div class='ocr_carea' id='block_1_2' title="bbox 1174 347 1237 418">
    <p class='ocr_par' dir='ltr' id='par_1_2' title="bbox 1174 347 1237 418">
     <span class='ocr_line' id='line_1_2' title="bbox 1174 347 1237 418; baseline 0.016 -1"><span class='ocrx_word' id='word_1_2' title='bbox 1174 347 1237 418; x_wconf 77' lang='lat' dir='ltr'><strong>tto</strong></span> 
     </span>
    </p>
   </div>
   <div class='ocr_carea' id='block_1_3' title="bbox 121 517 1241 2624">
    <p class='ocr_par' dir='ltr' id='par_1_3' title="bbox 121 517 1239 942">
     <span class='ocr_line' id='line_1_3' title="bbox 121 517 1239 606; baseline -0.003 -20"><span class='ocrx_word' id='word_1_3' title='bbox 121 539 159 586; x_wconf 82' lang='lat' dir='ltr'><strong>re</strong></span> <span class='ocrx_word' id='word_1_4' title='bbox 179 536 299 586; x_wconf 77' lang='lat' dir='ltr'><strong>omnies</strong></span> <span class='ocrx_word' id='word_1_5' title='bbox 316 537 392 586; x_wconf 85' lang='lat' dir='ltr'><strong>eom</strong></span> <span class='ocrx_word' id='word_1_6' title='bbox 415 517 534 604; x_wconf 84' lang='lat' dir='ltr'><strong>paneis</strong></span> <span class='ocrx_word' id='word_1_7' title='bbox 554 519 675 586; x_wconf 86' lang='lat' dir='ltr'><strong>saltem</strong></span> <span class='ocrx_word' id='word_1_8' title='bbox 699 523 960 605; x_wconf 86' lang='lat' dir='ltr'><strong>pertractarunt,</strong></span> <span class='ocrx_word' id='word_1_9' title='bbox 989 518 1076 586; x_wconf 83' lang='lat' dir='ltr'><strong>baud</strong></span> <span class='ocrx_word' id='word_1_10' title='bbox 1109 520 1239 606; x_wconf 81' lang='lat' dir='ltr'><strong>absque</strong></span> 
     </span>
     <span class='ocr_line' id='line_1_4' title="bbox 121 601 1239 688; baseline -0.004 -15"><span class='ocrx_word' id='word_1_11' title='bbox 121 604 269 672; x_wconf 77' lang='lat' dir='ltr'><strong>ulilitate</strong></span> <span class='ocrx_word' id='word_1_12' title='bbox 292 601 402 669; x_wconf 82' lang='lat' dir='ltr'><strong>videri</strong></span> <span class='ocrx_word' id='word_1_13' title='bbox 424 609 566 688; x_wconf 88' lang='lat' dir='ltr'><strong>possunt</strong></span> <span class='ocrx_word' id='word_1_14' title='bbox 587 601 624 669; x_wconf 84' lang='lat' dir='ltr'><strong>S.</strong></span> <span class='ocrx_word' id='word_1_15' title='bbox 639 604 811 679; x_wconf 77' lang='lat' dir='ltr'><strong>irenaeus,</strong></span> <span class='ocrx_word' id='word_1_16' title='bbox 834 605 867 669; x_wconf 92' lang='lat' dir='ltr'><strong>in</strong></span> <span class='ocrx_word' id='word_1_17' title='bbox 889 623 949 670; x_wconf 91' lang='lat' dir='ltr'><strong>suo</strong></span> <span class='ocrx_word' id='word_1_18' title='bbox 972 603 1139 669; x_wconf 82' lang='lat' dir='ltr'><strong>adversus</strong></span> <span class='ocrx_word' id='word_1_19' title='bbox 1155 602 1239 668; x_wconf 85' lang='lat' dir='ltr'><strong>baa-</strong></span> 
     </span>
     <span class='ocr_line' id='line_1_5' title="bbox 123 681 1237 776; baseline -0.004 -20"><span class='ocrx_word' id='word_1_20' title='bbox 123 708 222 756; x_wconf 81' lang='lat' dir='ltr'><strong>rcses</strong></span> <span class='ocrx_word' id='word_1_21' title='bbox 244 681 478 776; x_wconf 79' lang='lat' dir='ltr'><strong>[Gnosticos]</strong></span> <span class='ocrx_word' id='word_1_22' title='bbox 499 683 529 752; x_wconf 88' lang='lat'>0</span> <span class='ocrx_word' id='word_1_23' title='bbox 553 705 622 764; x_wconf 86' lang='lat' dir='ltr'><strong>ere,</strong></span> <span class='ocrx_word' id='word_1_24' title='bbox 643 687 682 752; x_wconf 87' lang='lat' dir='ltr'><strong>S.</strong></span> <span class='ocrx_word' id='word_1_25' title='bbox 703 687 852 754; x_wconf 75' lang='lat' dir='ltr'>Basilius</span> <span class='ocrx_word' id='word_1_26' title='bbox 875 691 1014 772; x_wconf 85' lang='lat' dir='ltr'><strong>ejusque</strong></span> <span class='ocrx_word' id='word_1_27' title='bbox 1036 693 1141 754; x_wconf 89' lang='lat' dir='ltr'><strong>trater</strong></span> <span class='ocrx_word' id='word_1_28' title='bbox 1153 685 1237 752; x_wconf 82' lang='lat' dir='ltr'><strong>(ire-</strong></span> 
     </span>
     <span class='ocr_line' id='line_1_6' title="bbox 123 707 1237 860; baseline -0.003 -22"><span class='ocrx_word' id='word_1_29' title='bbox 123 773 243 855; x_wconf 74' lang='lat' dir='ltr'><strong>gorius</strong></span> <span class='ocrx_word' id='word_1_30' title='bbox 274 772 472 855; x_wconf 83' lang='lat' dir='ltr'><strong>Nysseuus,</strong></span> <span class='ocrx_word' id='word_1_31' title='bbox 508 707 550 837; x_wconf 47' lang='grc' dir='ltr'><em>ἕ</em></span> <span class='ocrx_word' id='word_1_32' title='bbox 579 770 773 838; x_wconf 85' lang='lat' dir='ltr'><strong>Ambrosius</strong></span> <span class='ocrx_word' id='word_1_33' title='bbox 800 779 835 838; x_wconf 88' lang='lat' dir='ltr'><strong>et</strong></span> <span class='ocrx_word' id='word_1_34' title='bbox 865 771 903 838; x_wconf 89' lang='grc'><strong>8.</strong></span> <span class='ocrx_word' id='word_1_35' title='bbox 938 772 1164 860; x_wconf 72' lang='lat' dir='ltr'><strong>Augustinus,</strong></span> <span class='ocrx_word' id='word_1_36' title='bbox 1196 768 1237 836; x_wconf 89' lang='lat' dir='ltr'><strong>S.</strong></span> 
     </span>
     <span class='ocr_line' id='line_1_7' title="bbox 123 857 474 942; baseline -0.011 -18"><span class='ocrx_word' id='word_1_37' title='bbox 123 857 387 942; x_wconf 76' lang='lat' dir='ltr'><strong>chrysostomus</strong></span> <span class='ocrx_word' id='word_1_38' title='bbox 410 860 474 920; x_wconf 88' lang='lat' dir='ltr'><strong>ele.</strong></span> 
     </span>
    </p>

    <p class='ocr_par' dir='ltr' id='par_1_4' title="bbox 125 938 1241 1700">
     <span class='ocr_line' id='line_1_8' title="bbox 213 938 1240 1028; baseline -0.006 -22"><span class='ocrx_word' id='word_1_39' title='bbox 213 941 264 1006; x_wconf 77' lang='lat' dir='ltr'><strong>lie</strong></span> <span class='ocrx_word' id='word_1_40' title='bbox 287 939 495 1002; x_wconf 79' lang='lat' dir='ltr'><strong>Prooidonia</strong></span> <span class='ocrx_word' id='word_1_41' title='bbox 518 938 692 1023; x_wconf 83' lang='lat' dir='ltr'><strong>praeclare</strong></span> <span class='ocrx_word' id='word_1_42' title='bbox 714 938 788 1028; x_wconf 86' lang='lat' dir='ltr'><strong>ogit</strong></span> <span class='ocrx_word' id='word_1_43' title='bbox 809 938 846 1005; x_wconf 85' lang='lat' dir='ltr'><strong>S.</strong></span> <span class='ocrx_word' id='word_1_44' title='bbox 869 938 1138 1024; x_wconf 85' lang='lat' dir='ltr'><strong>Cbrysoslomns.</strong></span> <span class='ocrx_word' id='word_1_45' title='bbox 1186 938 1240 1001; x_wconf 84' lang='lat' dir='ltr'><strong>lu-</strong></span> 
     </span>
     <span class='ocr_line' id='line_1_9' title="bbox 125 1022 1238 1174; baseline -0.004 0"><span class='ocrx_word' id='word_1_46' title='bbox 125 1022 1238 1174; x_wconf 61' lang='lat' dir='ltr'><strong>lllllltllististlll&#39;lillt‘llllllllllnll·</strong></span> 
     </span>
     <span class='ocr_line' id='line_1_10' title="bbox 126 1127 1239 1277; baseline -0.007 -19"><span class='ocrx_word' id='word_1_47' title='bbox 126 1190 313 1258; x_wconf 78' lang='lat' dir='ltr'><strong>dilucidant</strong></span> <span class='ocrx_word' id='word_1_48' title='bbox 335 1196 369 1256; x_wconf 86' lang='lat' dir='ltr'><strong>et</strong></span> <span class='ocrx_word' id='word_1_49' title='bbox 390 1190 531 1271; x_wconf 88' lang='lat' dir='ltr'><strong>probant</strong></span> <span class='ocrx_word' id='word_1_50' title='bbox 552 1189 590 1258; x_wconf 82' lang='lat' dir='ltr'><strong>S.</strong></span> <span class='ocrx_word' id='word_1_51' title='bbox 616 1127 830 1268; x_wconf 69' lang='lat' dir='ltr'><strong>Atllltnasius,</strong></span> <span class='ocrx_word' id='word_1_52' title='bbox 852 1191 890 1258; x_wconf 85' lang='lat' dir='ltr'><strong>S.</strong></span> <span class='ocrx_word' id='word_1_53' title='bbox 913 1155 1061 1277; x_wconf 77' lang='lat' dir='ltr'><strong>Cyrilllrs</strong></span> <span class='ocrx_word' id='word_1_54' title='bbox 1090 1127 1239 1256; x_wconf 53' lang='lat' dir='ltr'><strong>illexon:</strong></span> 
     </span>
     <span class='ocr_line' id='line_1_11' title="bbox 125 1272 1241 1362; baseline -0.004 -22"><span class='ocrx_word' id='word_1_55' title='bbox 125 1276 242 1342; x_wconf 84' lang='lat' dir='ltr'><strong>drinus</strong></span> <span class='ocrx_word' id='word_1_56' title='bbox 263 1281 299 1340; x_wconf 85' lang='lat' dir='ltr'><strong>el</strong></span> <span class='ocrx_word' id='word_1_57' title='bbox 320 1272 359 1340; x_wconf 86' lang='lat' dir='ltr'><strong>S.</strong></span> <span class='ocrx_word' id='word_1_58' title='bbox 372 1273 442 1340; x_wconf 70' lang='lat' dir='ltr'><strong>laen</strong></span> <span class='ocrx_word' id='word_1_59' title='bbox 465 1275 624 1362; x_wconf 82' lang='lat' dir='ltr'><strong>Magnus.</strong></span> <span class='ocrx_word' id='word_1_60' title='bbox 667 1273 805 1341; x_wconf 76' lang='lat' dir='ltr'><strong>Domum</strong></span> <span class='ocrx_word' id='word_1_61' title='bbox 825 1277 939 1360; x_wconf 85' lang='lat' dir='ltr'><strong>gratio</strong></span> <span class='ocrx_word' id='word_1_62' title='bbox 962 1277 1025 1338; x_wconf 84' lang='lat' dir='ltr'><strong>Dei</strong></span> <span class='ocrx_word' id='word_1_63' title='bbox 1045 1276 1241 1356; x_wconf 74' lang='lat' dir='ltr'><strong>luminisque</strong></span> 
     </span>
     <span class='ocr_line' id='line_1_12' title="bbox 129 1359 1240 1445; baseline -0.002 -21"><span class='ocrx_word' id='word_1_64' title='bbox 129 1362 286 1436; x_wconf 75' lang='lat' dir='ltr'><strong>liberius,</strong></span> <span class='ocrx_word' id='word_1_65' title='bbox 312 1369 479 1439; x_wconf 77' lang='lat' dir='ltr'><strong>peecrrlnro</strong></span> <span class='ocrx_word' id='word_1_66' title='bbox 500 1359 665 1443; x_wconf 75' lang='lat' dir='ltr'><strong>originale</strong></span> <span class='ocrx_word' id='word_1_67' title='bbox 686 1364 720 1424; x_wconf 84' lang='lat' dir='ltr'><strong>el</strong></span> <span class='ocrx_word' id='word_1_68' title='bbox 742 1362 813 1443; x_wconf 81' lang='lat' dir='ltr'><strong>ejus</strong></span> <span class='ocrx_word' id='word_1_69' title='bbox 841 1359 1017 1445; x_wconf 72' lang='lat' dir='ltr'><strong>sequelae,</strong></span> <span class='ocrx_word' id='word_1_70' title='bbox 1043 1375 1085 1425; x_wconf 81' lang='lat' dir='ltr'><strong>tto</strong></span> <span class='ocrx_word' id='word_1_71' title='bbox 1110 1363 1240 1441; x_wconf 82' lang='lat' dir='ltr'><strong>myste-</strong></span> 
     </span>
     <span class='ocr_line' id='line_1_13' title="bbox 126 1443 1240 1541; baseline -0.004 -31"><span class='ocrx_word' id='word_1_72' title='bbox 126 1447 210 1510; x_wconf 85' lang='lat' dir='ltr'><strong>rium</strong></span> <span class='ocrx_word' id='word_1_73' title='bbox 234 1443 369 1507; x_wconf 82' lang='lat' dir='ltr'><strong>diriore</strong></span> <span class='ocrx_word' id='word_1_74' title='bbox 389 1444 698 1524; x_wconf 80' lang='lat' dir='ltr'><strong>proertenr&#39;ooo&#39;um&#39;r</strong></span> <span class='ocrx_word' id='word_1_75' title='bbox 721 1463 801 1541; x_wconf 87' lang='lat' dir='ltr'><strong>prae</strong></span> <span class='ocrx_word' id='word_1_76' title='bbox 822 1443 944 1510; x_wconf 87' lang='lat' dir='ltr'><strong>ceteris</strong></span> <span class='ocrx_word' id='word_1_77' title='bbox 962 1443 1113 1508; x_wconf 90' lang='lat' dir='ltr'><strong>omnibns</strong></span> <span class='ocrx_word' id='word_1_78' title='bbox 1135 1458 1240 1529; x_wconf 86' lang='lat' dir='ltr'><strong>egre-</strong></span> 
     </span>
     <span class='ocr_line' id='line_1_14' title="bbox 128 1524 1238 1614; baseline -0.005 -20"><span class='ocrx_word' id='word_1_79' title='bbox 128 1528 189 1612; x_wconf 80' lang='lat' dir='ltr'><strong>gie</strong></span> <span class='ocrx_word' id='word_1_80' title='bbox 211 1534 453 1612; x_wconf 67' lang='lat' dir='ltr'><strong>pertractantur</strong></span> <span class='ocrx_word' id='word_1_81' title='bbox 474 1543 495 1589; x_wconf 87' lang='lat' dir='ltr'><strong>a</strong></span> <span class='ocrx_word' id='word_1_82' title='bbox 515 1524 554 1593; x_wconf 89' lang='grc'><strong>8.</strong></span> <span class='ocrx_word' id='word_1_83' title='bbox 586 1529 776 1614; x_wconf 75' lang='lat' dir='ltr'><strong>Augustino</strong></span> <span class='ocrx_word' id='word_1_84' title='bbox 805 1529 942 1614; x_wconf 77' lang='lat' dir='ltr'><strong>eiusque</strong></span> <span class='ocrx_word' id='word_1_85' title='bbox 971 1527 1176 1611; x_wconf 88' lang='lat' dir='ltr'><strong>adjutoribus</strong></span> <span class='ocrx_word' id='word_1_86' title='bbox 1203 1529 1238 1590; x_wconf 86' lang='lat' dir='ltr'><strong>et</strong></span> 
     </span>
     <span class='ocr_line' id='line_1_15' title="bbox 127 1607 963 1700; baseline -0.006 -22"><span class='ocrx_word' id='word_1_87' title='bbox 127 1611 382 1678; x_wconf 85' lang='lat' dir='ltr'><strong>successoribus</strong></span> <span class='ocrx_word' id='word_1_88' title='bbox 404 1607 443 1675; x_wconf 88' lang='grc'><strong>8.</strong></span> <span class='ocrx_word' id='word_1_89' title='bbox 467 1609 633 1697; x_wconf 80' lang='lat' dir='ltr'><strong>Prospero</strong></span> <span class='ocrx_word' id='word_1_90' title='bbox 655 1619 689 1677; x_wconf 89' lang='lat' dir='ltr'><strong>et</strong></span> <span class='ocrx_word' id='word_1_91' title='bbox 710 1611 748 1678; x_wconf 83' lang='lat' dir='ltr'><strong>S.</strong></span> <span class='ocrx_word' id='word_1_92' title='bbox 775 1612 963 1700; x_wconf 77' lang='lat' dir='ltr'><strong>Fulgentio.</strong></span> 
     </span>
    </p>

    <p class='ocr_par' dir='ltr' id='par_1_5' title="bbox 126 1693 1241 2624">
     <span class='ocr_line' id='line_1_16' title="bbox 213 1693 1235 1781; baseline -0.004 -21"><span class='ocrx_word' id='word_1_93' title='bbox 213 1693 309 1774; x_wconf 79' lang='lat' dir='ltr'><strong>Quod</strong></span> <span class='ocrx_word' id='word_1_94' title='bbox 342 1699 475 1781; x_wconf 78' lang='lat' dir='ltr'><strong>special</strong></span> <span class='ocrx_word' id='word_1_95' title='bbox 511 1697 722 1760; x_wconf 72' lang='lat' dir='ltr'><strong>Sacramenta</strong></span> <span class='ocrx_word' id='word_1_96' title='bbox 753 1695 944 1771; x_wconf 70' lang='lat' dir='ltr'><strong>Ecclesiae,</strong></span> <span class='ocrx_word' id='word_1_97' title='bbox 977 1700 1110 1781; x_wconf 79' lang='lat' dir='ltr'><strong>praeiet·</strong></span> <span class='ocrx_word' id='word_1_98' title='bbox 1141 1693 1235 1756; x_wconf 82' lang='lat' dir='ltr'><strong>locos</strong></span> 
     </span>
     <span class='ocr_line' id='line_1_17' title="bbox 127 1775 1239 1866; baseline -0.005 -20"><span class='ocrx_word' id='word_1_99' title='bbox 127 1779 287 1866; x_wconf 79' lang='lat' dir='ltr'><strong>quosdam</strong></span> <span class='ocrx_word' id='word_1_100' title='bbox 310 1777 373 1844; x_wconf 92' lang='lat' dir='ltr'><strong>buc</strong></span> <span class='ocrx_word' id='word_1_101' title='bbox 393 1779 474 1844; x_wconf 90' lang='lat' dir='ltr'><strong>illuc</strong></span> <span class='ocrx_word' id='word_1_102' title='bbox 495 1777 669 1864; x_wconf 87' lang='lat' dir='ltr'><strong>dispersos</strong></span> <span class='ocrx_word' id='word_1_103' title='bbox 689 1779 732 1846; x_wconf 90' lang='lat' dir='ltr'><strong>de</strong></span> <span class='ocrx_word' id='word_1_104' title='bbox 754 1780 859 1846; x_wconf 76' lang='lat' dir='ltr'><strong>tubus</strong></span> <span class='ocrx_word' id='word_1_105' title='bbox 876 1785 1002 1844; x_wconf 88' lang='lat' dir='ltr'><strong>tontum</strong></span> <span class='ocrx_word' id='word_1_106' title='bbox 1020 1775 1239 1844; x_wconf 77' lang='lat' dir='ltr'><strong>sacramentis</strong></span> 
     </span>
     <span class='ocr_line' id='line_1_18' title="bbox 127 1858 1239 1952; baseline -0.009 -20"><span class='ocrx_word' id='word_1_107' title='bbox 127 1867 162 1932; x_wconf 90' lang='lat' dir='ltr'><strong>in</strong></span> <span class='ocrx_word' id='word_1_108' title='bbox 184 1863 410 1950; x_wconf 77' lang='lat' dir='ltr'><strong>peculiaribus</strong></span> <span class='ocrx_word' id='word_1_109' title='bbox 432 1862 545 1952; x_wconf 77' lang='lat' dir='ltr'><strong>agitur</strong></span> <span class='ocrx_word' id='word_1_110' title='bbox 567 1861 635 1930; x_wconf 90' lang='grc'><strong>88.</strong></span> <span class='ocrx_word' id='word_1_111' title='bbox 660 1865 776 1930; x_wconf 80' lang='lat' dir='ltr'><strong>l&#39;atum</strong></span> <span class='ocrx_word' id='word_1_112' title='bbox 797 1862 1011 1936; x_wconf 87' lang='lat' dir='ltr'><strong>tractatibus,</strong></span> <span class='ocrx_word' id='word_1_113' title='bbox 1039 1860 1168 1926; x_wconf 85' lang='lat' dir='ltr'><strong>scilicet</strong></span> <span class='ocrx_word' id='word_1_114' title='bbox 1195 1858 1239 1922; x_wconf 87' lang='lat' dir='ltr'><strong>de</strong></span> 
     </span>
     <span class='ocr_line' id='line_1_19' title="bbox 130 1943 1239 2046; baseline -0.008 -32"><span class='ocrx_word' id='word_1_115' title='bbox 130 1953 339 2014; x_wconf 57' lang='lat' dir='ltr'><strong>”memento</strong></span> <span class='ocrx_word' id='word_1_116' title='bbox 364 1947 530 2031; x_wconf 82' lang='lat' dir='ltr'><strong>baptismi.</strong></span> <span class='ocrx_word' id='word_1_117' title='bbox 551 1948 777 2014; x_wconf 84' lang='lat' dir='ltr'><strong>eucharistiae</strong></span> <span class='ocrx_word' id='word_1_118' title='bbox 798 1955 833 2014; x_wconf 89' lang='lat' dir='ltr'><strong>et</strong></span> <span class='ocrx_word' id='word_1_119' title='bbox 852 1945 1097 2046; x_wconf 66' lang='lat' dir='ltr'><strong>poeniteutiae,</strong></span> <span class='ocrx_word' id='word_1_120' title='bbox 1121 1943 1239 2028; x_wconf 83' lang='lat' dir='ltr'><strong>hicque</strong></span> 
     </span>
     <span class='ocr_line' id='line_1_20' title="bbox 127 2029 1239 2121; baseline -0.007 -22"><span class='ocrx_word' id='word_1_121' title='bbox 127 2033 269 2099; x_wconf 78' lang='lat' dir='ltr'><strong>maxime</strong></span> <span class='ocrx_word' id='word_1_122' title='bbox 291 2031 546 2097; x_wconf 88' lang='lat' dir='ltr'><strong>commendandi</strong></span> <span class='ocrx_word' id='word_1_123' title='bbox 566 2039 645 2098; x_wconf 85' lang='lat' dir='ltr'><strong>sunl</strong></span> <span class='ocrx_word' id='word_1_124' title='bbox 660 2031 697 2098; x_wconf 85' lang='lat' dir='ltr'><strong>S.</strong></span> <span class='ocrx_word' id='word_1_125' title='bbox 717 2033 925 2121; x_wconf 82' lang='lat' dir='ltr'><strong>Augustinus</strong></span> <span class='ocrx_word' id='word_1_126' title='bbox 939 2031 972 2096; x_wconf 91' lang='lat' dir='ltr'><strong>in</strong></span> <span class='ocrx_word' id='word_1_127' title='bbox 991 2029 1141 2117; x_wconf 87' lang='lat' dir='ltr'><strong>pluribus</strong></span> <span class='ocrx_word' id='word_1_128' title='bbox 1155 2045 1239 2092; x_wconf 89' lang='lat' dir='ltr'><strong>cou-</strong></span> 
     </span>
     <span class='ocr_line' id='line_1_21' title="bbox 127 2112 1237 2201; baseline -0.005 -19"><span class='ocrx_word' id='word_1_129' title='bbox 127 2125 179 2182; x_wconf 85' lang='lat' dir='ltr'><strong>tra</strong></span> <span class='ocrx_word' id='word_1_130' title='bbox 202 2115 401 2182; x_wconf 83' lang='lat' dir='ltr'><strong>Donatislas</strong></span> <span class='ocrx_word' id='word_1_131' title='bbox 423 2112 608 2201; x_wconf 81' lang='lat' dir='ltr'><strong>Operibus,</strong></span> <span class='ocrx_word' id='word_1_132' title='bbox 629 2118 771 2183; x_wconf 82' lang='lat' dir='ltr'><strong>maxime</strong></span> <span class='ocrx_word' id='word_1_133' title='bbox 792 2118 825 2182; x_wconf 89' lang='lat' dir='ltr'><strong>in</strong></span> <span class='ocrx_word' id='word_1_134' title='bbox 849 2115 942 2184; x_wconf 89' lang='lat' dir='ltr'><strong>libris</strong></span> <span class='ocrx_word' id='word_1_135' title='bbox 965 2114 1008 2181; x_wconf 89' lang='lat' dir='ltr'><strong>de</strong></span> <span class='ocrx_word' id='word_1_136' title='bbox 1036 2113 1237 2194; x_wconf 86' lang='lat' dir='ltr'><strong>baptismate</strong></span> 
     </span>
     <span class='ocr_line' id='line_1_22' title="bbox 126 2196 1239 2282; baseline -0.007 -16"><span class='ocrx_word' id='word_1_137' title='bbox 126 2208 242 2266; x_wconf 82' lang='lat' dir='ltr'><strong>contra</strong></span> <span class='ocrx_word' id='word_1_138' title='bbox 261 2199 477 2276; x_wconf 63' lang='lat' dir='ltr'><strong>Donatistis,</strong></span> <span class='ocrx_word' id='word_1_139' title='bbox 506 2199 546 2266; x_wconf 89' lang='grc'><strong>8.</strong></span> <span class='ocrx_word' id='word_1_140' title='bbox 576 2201 769 2267; x_wconf 88' lang='lat' dir='ltr'><strong>Ambrosius</strong></span> <span class='ocrx_word' id='word_1_141' title='bbox 798 2201 830 2266; x_wconf 94' lang='lat' dir='ltr'><strong>iu</strong></span> <span class='ocrx_word' id='word_1_142' title='bbox 861 2201 954 2266; x_wconf 86' lang='lat' dir='ltr'><strong>libris</strong></span> <span class='ocrx_word' id='word_1_143' title='bbox 977 2201 1020 2266; x_wconf 90' lang='lat' dir='ltr'><strong>de</strong></span> <span class='ocrx_word' id='word_1_144' title='bbox 1052 2196 1239 2282; x_wconf 84' lang='lat' dir='ltr'><strong>Mysteriis,</strong></span> 
     </span>
     <span class='ocr_line' id='line_1_23' title="bbox 127 2281 1238 2370; baseline -0.01 -17"><span class='ocrx_word' id='word_1_145' title='bbox 127 2283 165 2352; x_wconf 90' lang='lat' dir='ltr'><strong>S.</strong></span> <span class='ocrx_word' id='word_1_146' title='bbox 180 2285 348 2352; x_wconf 74' lang='lat' dir='ltr'><strong>Parianus</strong></span> <span class='ocrx_word' id='word_1_147' title='bbox 369 2284 402 2350; x_wconf 91' lang='lat' dir='ltr'><strong>in</strong></span> <span class='ocrx_word' id='word_1_148' title='bbox 424 2283 497 2350; x_wconf 86' lang='lat' dir='ltr'><strong>suis</strong></span> <span class='ocrx_word' id='word_1_149' title='bbox 517 2285 671 2368; x_wconf 90' lang='lat' dir='ltr'><strong>epistolis</strong></span> <span class='ocrx_word' id='word_1_150' title='bbox 693 2292 728 2352; x_wconf 87' lang='lat' dir='ltr'><strong>et</strong></span> <span class='ocrx_word' id='word_1_151' title='bbox 749 2287 955 2361; x_wconf 77' lang='lat' dir='ltr'><strong>tractatibus,</strong></span> <span class='ocrx_word' id='word_1_152' title='bbox 969 2283 1008 2351; x_wconf 88' lang='grc'><strong>8.</strong></span> <span class='ocrx_word' id='word_1_153' title='bbox 1037 2281 1238 2370; x_wconf 76' lang='lat' dir='ltr'><strong>Fuigentius</strong></span> 
     </span>
     <span class='ocr_line' id='line_1_24' title="bbox 128 2367 1241 2457; baseline -0.007 -21"><span class='ocrx_word' id='word_1_154' title='bbox 128 2369 172 2436; x_wconf 86' lang='lat' dir='ltr'><strong>de</strong></span> <span class='ocrx_word' id='word_1_155' title='bbox 193 2370 408 2436; x_wconf 82' lang='lat' dir='ltr'><strong>Remissione</strong></span> <span class='ocrx_word' id='word_1_156' title='bbox 430 2377 657 2455; x_wconf 87' lang='lat' dir='ltr'><strong>peccatorum,</strong></span> <span class='ocrx_word' id='word_1_157' title='bbox 679 2369 717 2436; x_wconf 89' lang='grc'><strong>8.</strong></span> <span class='ocrx_word' id='word_1_158' title='bbox 740 2369 889 2454; x_wconf 76' lang='lat' dir='ltr'><strong>cyrillus</strong></span> <span class='ocrx_word' id='word_1_159' title='bbox 916 2367 1241 2457; x_wconf 79' lang='lat' dir='ltr'><strong>Hierosolymitonus</strong></span> 
     </span>
     <span class='ocr_line' id='line_1_25' title="bbox 128 2448 1240 2624; baseline -0.008 -18"><span class='ocrx_word' id='word_1_160' title='bbox 128 2453 1048 2624; x_wconf 58' lang='lat' dir='ltr'><strong>lllllttn&#39;tlnltllllllllll‘llllnltllll</strong></span> <span class='ocrx_word' id='word_1_161' title='bbox 1077 2448 1240 2514; x_wconf 64' lang='lat' dir='ltr'><strong>T⁰&#39;‘¹¹¹¹¹‘</strong></span> 
     </span>
    </p>
   </div>
   <div class='ocr_carea' id='block_1_4' title="bbox 128 2611 1242 2858">
    <p class='ocr_par' dir='ltr' id='par_1_6' title="bbox 128 2611 1242 2858">
     <span class='ocr_line' id='line_1_26' title="bbox 217 2611 1242 2719; baseline -0.01 -33"><span class='ocrx_word' id='word_1_162' title='bbox 217 2618 334 2702; x_wconf 75' lang='lat' dir='ltr'><strong>Quoad</strong></span> <span class='ocrx_word' id='word_1_163' title='bbox 369 2617 631 2719; x_wconf 77' lang='lat' dir='ltr'><strong>Eretrtologr‘on</strong></span> <span class='ocrx_word' id='word_1_164' title='bbox 660 2620 885 2687; x_wconf 85' lang='lat' dir='ltr'><strong>tantummodo</strong></span> <span class='ocrx_word' id='word_1_165' title='bbox 918 2617 961 2684; x_wconf 86' lang='lat' dir='ltr'><strong>de</strong></span> <span class='ocrx_word' id='word_1_166' title='bbox 997 2611 1242 2682; x_wconf 77' lang='lat' dir='ltr'><strong>resurrectione</strong></span> 
     </span>
     <span class='ocr_line' id='line_1_27' title="bbox 128 2699 1241 2858; baseline -0.014 -83"><span class='ocrx_word' id='word_1_167' title='bbox 128 2713 328 2775; x_wconf 71' lang='lat' dir='ltr'><strong>mortuorum</strong></span> <span class='ocrx_word' id='word_1_168' title='bbox 348 2705 468 2772; x_wconf 87' lang='lat' dir='ltr'><strong>Patres</strong></span> <span class='ocrx_word' id='word_1_169' title='bbox 489 2713 695 2792; x_wconf 78' lang='lat' dir='ltr'><strong>scripserunt</strong></span> <span class='ocrx_word' id='word_1_170' title='bbox 716 2705 850 2858; x_wconf 61' lang='lat' dir='ltr'><strong>progria</strong></span> <span class='ocrx_word' id='word_1_171' title='bbox 871 2700 999 2791; x_wconf 79' lang='lat' dir='ltr'><strong>Opera,</strong></span> <span class='ocrx_word' id='word_1_172' title='bbox 1022 2699 1065 2765; x_wconf 89' lang='lat' dir='ltr'><strong>de</strong></span> <span class='ocrx_word' id='word_1_173' title='bbox 1087 2715 1152 2782; x_wconf 80' lang='lat' dir='ltr'><strong>uun</strong></span> <span class='ocrx_word' id='word_1_174' title='bbox 1175 2714 1241 2761; x_wconf 89' lang='lat' dir='ltr'><strong>non</strong></span> 
     </span>
    </p>
   </div>
   <div class='ocr_carea' id='block_1_5' title="bbox 129 2784 1241 3046">
    <p class='ocr_par' dir='ltr' id='par_1_7' title="bbox 129 2784 1241 3046">
     <span class='ocr_line' id='line_1_28' title="bbox 130 2784 1239 2878; baseline -0.014 -19"><span class='ocrx_word' id='word_1_175' title='bbox 130 2791 263 2858; x_wconf 86' lang='lat' dir='ltr'><strong>minimo</strong></span> <span class='ocrx_word' id='word_1_176' title='bbox 284 2809 355 2856; x_wconf 90' lang='lat' dir='ltr'><strong>cum</strong></span> <span class='ocrx_word' id='word_1_177' title='bbox 376 2790 485 2856; x_wconf 77' lang='lat' dir='ltr'><strong>fructu</strong></span> <span class='ocrx_word' id='word_1_178' title='bbox 508 2790 578 2878; x_wconf 87' lang='lat' dir='ltr'><strong>legi</strong></span> <span class='ocrx_word' id='word_1_179' title='bbox 610 2797 750 2876; x_wconf 78' lang='lat' dir='ltr'><strong>possunt</strong></span> <span class='ocrx_word' id='word_1_180' title='bbox 807 2837 815 2856; x_wconf 91' lang='lat'>.</span> <span class='ocrx_word' id='word_1_181' title='bbox 844 2789 1030 2877; x_wconf 77' lang='lat' dir='ltr'><strong>Gregorius</strong></span> <span class='ocrx_word' id='word_1_182' title='bbox 1061 2784 1239 2867; x_wconf 85' lang='lat' dir='ltr'><strong>Nyssenus</strong></span> 
     </span>
     <span class='ocr_line' id='line_1_29' title="bbox 129 2865 1241 2959; baseline -0.013 -17"><span class='ocrx_word' id='word_1_183' title='bbox 129 2884 166 2942; x_wconf 83' lang='lat' dir='ltr'><strong>ct</strong></span> <span class='ocrx_word' id='word_1_184' title='bbox 184 2873 224 2942; x_wconf 91' lang='grc'><strong>8.</strong></span> <span class='ocrx_word' id='word_1_185' title='bbox 245 2874 398 2940; x_wconf 84' lang='lat' dir='ltr'><strong>loannes</strong></span> <span class='ocrx_word' id='word_1_186' title='bbox 421 2871 692 2959; x_wconf 80' lang='lat' dir='ltr'><strong>chrysostomus,</strong></span> <span class='ocrx_word' id='word_1_187' title='bbox 713 2874 940 2942; x_wconf 73' lang='lat' dir='ltr'><strong>Tertullianus</strong></span> <span class='ocrx_word' id='word_1_188' title='bbox 962 2871 1062 2938; x_wconf 84' lang='lat' dir='ltr'><strong>etiam</strong></span> <span class='ocrx_word' id='word_1_189' title='bbox 1085 2873 1118 2934; x_wconf 87' lang='lat' dir='ltr'><strong>ot</strong></span> <span class='ocrx_word' id='word_1_190' title='bbox 1138 2865 1241 2931; x_wconf 88' lang='lat' dir='ltr'><strong>Albe-</strong></span> 
     </span>
     <span class='ocr_line' id='line_1_30' title="bbox 130 2946 1239 3046; baseline -0.011 -22"><span class='ocrx_word' id='word_1_191' title='bbox 130 2977 278 3046; x_wconf 84' lang='lat' dir='ltr'><strong>nagoras</strong></span> <span class='ocrx_word' id='word_1_192' title='bbox 301 2958 334 3023; x_wconf 90' lang='lat' dir='ltr'><strong>in</strong></span> <span class='ocrx_word' id='word_1_193' title='bbox 355 2957 430 3025; x_wconf 86' lang='lat' dir='ltr'><strong>suis</strong></span> <span class='ocrx_word' id='word_1_194' title='bbox 451 2957 495 3026; x_wconf 89' lang='lat' dir='ltr'><strong>de</strong></span> <span class='ocrx_word' id='word_1_195' title='bbox 516 2959 776 3028; x_wconf 81' lang='lat' dir='ltr'><strong>Resurrectione</strong></span> <span class='ocrx_word' id='word_1_196' title='bbox 803 2956 1000 3028; x_wconf 82' lang='lat' dir='ltr'><strong>tractatibus</strong></span> <span class='ocrx_word' id='word_1_197' title='bbox 1023 2972 1086 3023; x_wconf 84' lang='lat' dir='ltr'><strong>neo</strong></span> <span class='ocrx_word' id='word_1_198' title='bbox 1113 2968 1177 3018; x_wconf 89' lang='lat' dir='ltr'><strong>non</strong></span> <span class='ocrx_word' id='word_1_199' title='bbox 1201 2946 1239 3014; x_wconf 91' lang='grc'><strong>8.</strong></span> 
     </span>
    </p>
   </div>
   <div class='ocr_carea' id='block_1_6' title="bbox 134 3042 343 3110">
    <p class='ocr_par' dir='ltr' id='par_1_8' title="bbox 134 3042 343 3110">
     <span class='ocr_line' id='line_1_31' title="bbox 134 3042 343 3110; baseline -0.019 1"><span class='ocrx_word' id='word_1_200' title='bbox 134 3042 343 3110; x_wconf 86' lang='lat' dir='ltr'><strong>Ambrosius.</strong></span> 
     </span>
    </p>
   </div>
   <div class='ocr_carea' id='block_1_7' title="bbox 632 3226 740 3316">
    <p class='ocr_par' dir='ltr' id='par_1_9' title="bbox 632 3226 740 3316">
     <span class='ocr_line' id='line_1_32' title="bbox 632 3226 740 3316; baseline -0.102 0"><span class='ocrx_word' id='word_1_201' title='bbox 632 3226 670 3316; x_wconf 76' lang='lat'><strong>§-</strong></span> <span class='ocrx_word' id='word_1_202' title='bbox 687 3241 740 3306; x_wconf 81' lang='grc'><strong>11.</strong></span> 
     </span>
    </p>
   </div>
   <div class='ocr_carea' id='block_1_8' title="bbox 219 3377 1080 3465">
    <p class='ocr_par' dir='ltr' id='par_1_10' title="bbox 219 3377 1080 3465">
     <span class='ocr_line' id='line_1_33' title="bbox 219 3377 1080 3465; baseline -0.005 -21"><span class='ocrx_word' id='word_1_203' title='bbox 219 3429 228 3438; x_wconf 93' lang='grc'><strong>.</strong></span> <span class='ocrx_word' id='word_1_204' title='bbox 294 3379 347 3444; x_wconf 86' lang='lat' dir='ltr'><strong>De</strong></span> <span class='ocrx_word' id='word_1_205' title='bbox 366 3379 540 3464; x_wconf 78' lang='lat' dir='ltr'><strong>religendis</strong></span> <span class='ocrx_word' id='word_1_206' title='bbox 564 3380 719 3465; x_wconf 79' lang='lat' dir='ltr'><strong>Operibus</strong></span> <span class='ocrx_word' id='word_1_207' title='bbox 741 3381 874 3445; x_wconf 84' lang='lat' dir='ltr'><strong>Petrum</strong></span> <span class='ocrx_word' id='word_1_208' title='bbox 896 3377 1080 3442; x_wconf 82' lang='lat' dir='ltr'><strong>morolilnr.</strong></span> 
     </span>
    </p>
   </div>
   <div class='ocr_carea' id='block_1_9' title="bbox 126 3541 1246 4394">
    <p class='ocr_par' dir='ltr' id='par_1_11' title="bbox 126 3541 1246 4394">
     <span class='ocr_line' id='line_1_34' title="bbox 215 3541 1243 3630; baseline -0.007 -17"><span class='ocrx_word' id='word_1_209' title='bbox 215 3545 298 3613; x_wconf 83' lang='lat' dir='ltr'><strong>Cum</strong></span> <span class='ocrx_word' id='word_1_210' title='bbox 328 3545 473 3612; x_wconf 86' lang='lat' dir='ltr'><strong>maxima</strong></span> <span class='ocrx_word' id='word_1_211' title='bbox 500 3547 546 3613; x_wconf 92' lang='lat' dir='ltr'><strong>sit</strong></span> <span class='ocrx_word' id='word_1_212' title='bbox 582 3546 679 3630; x_wconf 88' lang='lat' dir='ltr'><strong>copia</strong></span> <span class='ocrx_word' id='word_1_213' title='bbox 712 3546 981 3613; x_wconf 75' lang='lat' dir='ltr'><strong>documentorum</strong></span> <span class='ocrx_word' id='word_1_214' title='bbox 1011 3541 1178 3610; x_wconf 86' lang='lat' dir='ltr'><strong>moralium</strong></span> <span class='ocrx_word' id='word_1_215' title='bbox 1209 3545 1243 3606; x_wconf 88' lang='lat' dir='ltr'><strong>el</strong></span> 
     </span>
     <span class='ocr_line' id='line_1_35' title="bbox 128 3625 1241 3717; baseline -0.008 -17"><span class='ocrx_word' id='word_1_216' title='bbox 128 3630 351 3700; x_wconf 86' lang='lat' dir='ltr'><strong>asceticorum</strong></span> <span class='ocrx_word' id='word_1_217' title='bbox 373 3631 462 3717; x_wconf 87' lang='lat' dir='ltr'><strong>apud</strong></span> <span class='ocrx_word' id='word_1_218' title='bbox 485 3629 553 3697; x_wconf 85' lang='grc'><strong>88.</strong></span> <span class='ocrx_word' id='word_1_219' title='bbox 578 3633 714 3709; x_wconf 84' lang='lat' dir='ltr'><strong>Patres,</strong></span> <span class='ocrx_word' id='word_1_220' title='bbox 736 3650 799 3697; x_wconf 90' lang='lat' dir='ltr'><strong>nec</strong></span> <span class='ocrx_word' id='word_1_221' title='bbox 822 3632 909 3697; x_wconf 91' lang='lat' dir='ltr'><strong>ullus</strong></span> <span class='ocrx_word' id='word_1_222' title='bbox 940 3633 1044 3697; x_wconf 84' lang='lat' dir='ltr'><strong>terme</strong></span> <span class='ocrx_word' id='word_1_223' title='bbox 1071 3625 1140 3694; x_wconf 89' lang='grc'><strong>88.</strong></span> <span class='ocrx_word' id='word_1_224' title='bbox 1174 3627 1241 3692; x_wconf 82' lang='lat' dir='ltr'><strong>l&#39;a-</strong></span> 
     </span>
     <span class='ocr_line' id='line_1_36' title="bbox 129 3714 1242 3802; baseline -0.006 -21"><span class='ocrx_word' id='word_1_225' title='bbox 129 3725 214 3781; x_wconf 88' lang='lat' dir='ltr'><strong>trum</strong></span> <span class='ocrx_word' id='word_1_226' title='bbox 237 3714 442 3794; x_wconf 83' lang='lat' dir='ltr'><strong>inveniatur,</strong></span> <span class='ocrx_word' id='word_1_227' title='bbox 464 3717 518 3799; x_wconf 83' lang='lat' dir='ltr'><strong>qni</strong></span> <span class='ocrx_word' id='word_1_228' title='bbox 540 3734 604 3781; x_wconf 92' lang='lat' dir='ltr'><strong>non</strong></span> <span class='ocrx_word' id='word_1_229' title='bbox 622 3717 796 3802; x_wconf 89' lang='lat' dir='ltr'><strong>praeclara</strong></span> <span class='ocrx_word' id='word_1_230' title='bbox 818 3735 940 3781; x_wconf 89' lang='lat' dir='ltr'><strong>morum</strong></span> <span class='ocrx_word' id='word_1_231' title='bbox 964 3718 1144 3800; x_wconf 79' lang='lat' dir='ltr'><strong>praecepta</strong></span> <span class='ocrx_word' id='word_1_232' title='bbox 1166 3729 1242 3776; x_wconf 88' lang='lat' dir='ltr'><strong>con-</strong></span> 
     </span>
     <span class='ocr_line' id='line_1_37' title="bbox 128 3796 1243 3898; baseline -0.006 -33"><span class='ocrx_word' id='word_1_233' title='bbox 128 3799 331 3896; x_wconf 76' lang='lat' dir='ltr'><strong>signaverit,</strong></span> <span class='ocrx_word' id='word_1_234' title='bbox 353 3797 408 3896; x_wconf 81' lang='lat' dir='ltr'><strong>bie</strong></span> <span class='ocrx_word' id='word_1_235' title='bbox 432 3799 572 3865; x_wconf 85' lang='lat' dir='ltr'><strong>maxime</strong></span> <span class='ocrx_word' id='word_1_236' title='bbox 595 3799 745 3868; x_wconf 87' lang='lat' dir='ltr'><strong>delectus</strong></span> <span class='ocrx_word' id='word_1_237' title='bbox 766 3799 911 3898; x_wconf 83' lang='lat' dir='ltr'><strong>Operum</strong></span> <span class='ocrx_word' id='word_1_238' title='bbox 934 3796 1156 3894; x_wconf 75' lang='lat' dir='ltr'><strong>instituendus</strong></span> <span class='ocrx_word' id='word_1_239' title='bbox 1178 3800 1243 3870; x_wconf 86' lang='lat' dir='ltr'><strong>est,</strong></span> 
     </span>
     <span class='ocr_line' id='line_1_38' title="bbox 129 3882 1244 4035; baseline -0.004 -86"><span class='ocrx_word' id='word_1_240' title='bbox 129 3882 833 4035; x_wconf 41' lang='lat' dir='ltr'><strong>:gfflignggffinggrlugttraretpertgntrgvgut,</strong></span> <span class='ocrx_word' id='word_1_241' title='bbox 850 3889 943 4034; x_wconf 51' lang='lat' dir='ltr'><strong>birtilo</strong></span> <span class='ocrx_word' id='word_1_242' title='bbox 973 3892 1109 3982; x_wconf 76' lang='lat' dir='ltr'><strong>negotio</strong></span> <span class='ocrx_word' id='word_1_243' title='bbox 1136 3897 1244 4026; x_wconf 55' lang='lat' dir='ltr'><strong>mm</strong></span> 
     </span>
     <span class='ocr_line' id='line_1_39' title="bbox 128 3985 1244 4139; baseline -0.01 -24"><span class='ocrx_word' id='word_1_244' title='bbox 128 4049 242 4116; x_wconf 82' lang='lat' dir='ltr'><strong>studio</strong></span> <span class='ocrx_word' id='word_1_245' title='bbox 268 4049 309 4117; x_wconf 85' lang='lat' dir='ltr'><strong>S.</strong></span> <span class='ocrx_word' id='word_1_246' title='bbox 337 3987 615 4139; x_wconf 53' lang='lat' dir='ltr'><strong>Scripltullleeurl</strong></span> <span class='ocrx_word' id='word_1_247' title='bbox 617 3989 717 4120; x_wconf 52' lang='grc' dir='ltr'><strong>08811Ι</strong></span> <span class='ocrx_word' id='word_1_248' title='bbox 735 3989 852 4121; x_wconf 67' lang='lat' dir='ltr'><strong>lalies</strong></span> <span class='ocrx_word' id='word_1_249' title='bbox 885 3985 1175 4125; x_wconf 35' lang='lat' dir='ltr'><strong>“eggiseiegrirtr&#39;rgggc</strong></span> <span class='ocrx_word' id='word_1_250' title='bbox 1203 4047 1244 4106; x_wconf 92' lang='lat' dir='ltr'><strong>ob</strong></span> 
     </span>
     <span class='ocr_line' id='line_1_40' title="bbox 126 4123 1246 4223; baseline -0.014 -21"><span class='ocrx_word' id='word_1_251' title='bbox 126 4135 507 4223; x_wconf 65' lang='lat' dir='ltr'><strong>mansuetudineque</strong></span> <span class='ocrx_word' id='word_1_252' title='bbox 534 4137 778 4205; x_wconf 86' lang='lat' dir='ltr'><strong>similitudinem</strong></span> <span class='ocrx_word' id='word_1_253' title='bbox 811 4137 953 4203; x_wconf 85' lang='lat' dir='ltr'><strong>maxime</strong></span> <span class='ocrx_word' id='word_1_254' title='bbox 985 4123 1246 4222; x_wconf 74' lang='lat' dir='ltr'><strong>commendanda</strong></span> 
     </span>
     <span class='ocr_line' id='line_1_41' title="bbox 126 4216 1246 4309; baseline -0.004 -24"><span class='ocrx_word' id='word_1_255' title='bbox 126 4225 183 4285; x_wconf 87' lang='lat' dir='ltr'><strong>est</strong></span> <span class='ocrx_word' id='word_1_256' title='bbox 205 4219 306 4286; x_wconf 88' lang='lat' dir='ltr'><strong>lectio</strong></span> <span class='ocrx_word' id='word_1_257' title='bbox 337 4220 469 4286; x_wconf 83' lang='lat' dir='ltr'><strong>Putrem</strong></span> <span class='ocrx_word' id='word_1_258' title='bbox 501 4223 781 4308; x_wconf 88' lang='lat' dir='ltr'><strong>Apostolicorum,</strong></span> <span class='ocrx_word' id='word_1_259' title='bbox 819 4219 858 4288; x_wconf 88' lang='lat' dir='ltr'><strong>S.</strong></span> <span class='ocrx_word' id='word_1_260' title='bbox 889 4222 1075 4288; x_wconf 73' lang='lat' dir='ltr'><strong>Clementis</strong></span> <span class='ocrx_word' id='word_1_261' title='bbox 1106 4216 1246 4309; x_wconf 63' lang='lat' dir='ltr'><strong>lionam</strong></span> 
     </span>
     <span class='ocr_line' id='line_1_42' title="bbox 126 4303 1246 4394; baseline -0.007 -26"><span class='ocrx_word' id='word_1_262' title='bbox 126 4304 276 4392; x_wconf 85' lang='lat' dir='ltr'><strong>inquam,</strong></span> <span class='ocrx_word' id='word_1_263' title='bbox 298 4303 338 4373; x_wconf 92' lang='grc'><strong>8.</strong></span> <span class='ocrx_word' id='word_1_264' title='bbox 361 4303 490 4393; x_wconf 87' lang='lat' dir='ltr'><strong>Ignatii</strong></span> <span class='ocrx_word' id='word_1_265' title='bbox 511 4314 545 4372; x_wconf 86' lang='lat' dir='ltr'><strong>et</strong></span> <span class='ocrx_word' id='word_1_266' title='bbox 566 4305 605 4374; x_wconf 88' lang='lat' dir='ltr'><strong>S.</strong></span> <span class='ocrx_word' id='word_1_267' title='bbox 627 4307 816 4394; x_wconf 76' lang='lat' dir='ltr'><strong>Polycarpi,</strong></span> <span class='ocrx_word' id='word_1_268' title='bbox 837 4307 924 4372; x_wconf 87' lang='lat' dir='ltr'><strong>iuter</strong></span> <span class='ocrx_word' id='word_1_269' title='bbox 945 4323 1030 4389; x_wconf 82' lang='lat' dir='ltr'><strong>qrros</strong></span> <span class='ocrx_word' id='word_1_270' title='bbox 1053 4305 1246 4382; x_wconf 76' lang='lat' dir='ltr'><strong>aptissimus</strong></span> 
     </span>
    </p>
   </div>
   <div class='ocr_carea' id='block_1_10' title="bbox 0 0 1458 4660">
    <p class='ocr_par' dir='ltr' id='par_1_12' title="bbox 0 0 1458 4660">
     <span class='ocr_line' id='line_1_43' title="bbox 0 0 1458 4660; baseline 0 0"><span class='ocrx_word' id='word_1_271' title='bbox 0 0 1458 4660; x_wconf 95' lang='lat' dir='ltr'><strong> </strong></span> 
     </span>
    </p>
   </div>
  </div>
 </body>
</html>
