2946 4654
1212 305 1274 378 871

167 477 233 546 ties
255 473 439 554 coemto,
464 469 597 542 Arrenii
616 469 754 541 s'citteot¹
767 489 882 541 necem
905 475 1112 560 tractumque
1136 473 1276 542 calinen
1316 498 1324 512 ·

165 564 284 630 iterum
307 562 517 644 obiecerunt,
547 566 585 626 ot
604 576 705 626 versa
727 575 835 628 reram
854 559 1045 626 conditione
1067 559 1165 625 liberi
1186 568 1276 626 metu

168 646 386 714 Athanasium
409 645 560 730 aliosque
579 643 724 710 infestos
755 644 820 709 sibi
841 643 1022 710 Proesnles
1050 643 1183 710 insidiis
1203 645 1276 710 eir-

166 731 407 798 conuenirent.
465 727 594 810 Quibus
635 728 823 813 perspectis
862 727 1076 794 Athanasius
1114 727 1275 826 prolixam

164 815 271 882 edidit
295 813 488 898 Aputofficat
508 823 622 876 eastra
647 814 805 890 Arianos,
836 811 870 878 in
906 830 971 897 uua
997 827 1041 880 eu
1063 813 1146 898 lpsrs
1166 830 1276 880 rmum

167 899 255 966 netis
282 904 319 964 et
345 895 560 963 monumentis
596 895 684 961 falsa
713 896 778 968 sthi
813 895 1005 987 comprobat
1039 904 1074 962 et
1109 897 1277 962 multoties

162 985 232 1068 jum
256 980 390 1066 repulsa
411 980 509 1064 objici
530 979 679 1057 erimina,
700 980 887 1066 malumque
908 981 1106 1046 inimicorum
1134 981 1276 1048 animan

168 1067 340 1152 patefacit.
394 1063 481 1132 Hinc
509 1062 753 1132 a'Goustautiu
783 1064 949 1149 benignas
981 1066 1112 1150 aeeepit
1148 1065 1275 1144 titerm,

166 1151 284 1235 quibus
304 1149 366 1216 ille
388 1149 609 1215 Athanasium
631 1145 902 1298 “weelubebn'
922 1165 986 1214 nec
1007 1148 1276 1217 adversariorum

167 1233 443 1301 machinamentis
476 1232 671 1318 perterreri,
704 1253 723 1298 s
796 1231 951 1318 populum
987 1231 1131 1299 edoeere
1161 1245 1276 1300 ueram

153 1319 323 1402 'pietatem
346 1336 387 1384 ac
408 1317 618 1404 religionem,
641 1315 731 1384 uelle
752 1333 791 1382 se
813 1333 854 1382 ae
875 1324 1064 1402 peroptare,
1085 1323 1125 1382 ut
1142 1315 1175 1382 in
1190 1317 1277 1382 sede

168 1402 400 1470 Alexandrina
421 1399 679 1484 imperturbatus
706 1417 839 1488 semper
866 1401 1029 1467 consistat
1051 1401 1096 1480 ⁵).
1141 1400 1277 1486 Aliquot

167 1487 289 1554 abhinc
308 1487 406 1552 annis
430 1485 633 1551 Athanasius
654 1487 687 1550 in
711 1501 794 1571 pace
817 1483 1045 1551 Alexandriae
1068 1485 1276 1562 versabatur,

167 1587 272 1637 urenae
295 1569 374 1638 bdei
395 1568 541 1636 tuendae
562 1568 807 1655 arugeadactpne
829 1573 864 1634 ot
885 1571 1000 1655 pietati
1015 1568 1182 1640 fovendae
1201 1569 1276 1654 pln-

168 1653 283 1720 rimnm
303 1653 473 1740 intentust
495 1653 629 1740 scriptis
652 1652 904 1738 quoqneeditis
935 1654 1122 1720 haereticos
1148 1651 1191 1719 ad
1218 1671 1278 1719 er·

167 1757 262 1804 rores
288 1735 508 1811 detestandos
539 1755 723 1822 sanamque
751 1736 933 1806 doctrinam
963 1734 1214 1823 agnoscendam
1241 1741 1278 1804 et

168 1821 431 1907 amplectendam
452 1822 610 1890 inducere
632 1822 771 1908 sategit.
1060 1842 1063 1850 ’

656 2001 693 2094 s.
711 2019 781 2084 too.

168 2157 351 2258 l’rraecatr'o
372 2159 566 2244 &carissiaco
589 2159 630 2221 ab
653 2133 790 2221 Ariousia
810 2167 896 2222 moto
919 2167 949 2221 et
971 2159 1104 2222 tertiora
1126 2157 1276 2221 Attanu-

343 2263 347 2273 “
473 2243 518 2336 aii
539 2243 676 2308 rnilitum
698 2236 754 2331 (a.
776 2237 972 2348 uto-te),

255 2407 366 2476 Tanta
386 2425 483 2495 porro
504 2410 538 2476 iu
561 2408 627 2476 tide
648 2407 822 2476 Catholira
837 2405 1058 2476 ¹defendenda
1079 2417 1153 2475 erut
1168 2407 1277 2475 Atha-

168 2491 256 2558 nasii
277 2494 466 2560 constantia
486 2502 521 2560 et
542 2493 718 2569 alacritas,
737 2499 839 2563 ¹tanta
866 2495 1008 2558 omnium
1030 2494 1151 2580 ubique
1173 2493 1275 2578 Epis·

123 2627 127 2641 .
169 2593 322 2660 caporum
339 2577 414 2644 tidei
436 2575 631 2648 Catholicae
650 2593 733 2646 vere
755 2585 790 2644 et
812 2587 856 2642 art
876 2579 985 2644 animo
1007 2576 1213 2643 addictorum
1240 2579 1275 2642 in

167 2661 179 2728 i
224 2681 276 2728 um
297 2659 429 2747 fiducia
451 2668 486 2728 ut
506 2663 604 2730 salvo
628 2661 832 2742 Athanasio,
852 2661 909 2748 uui
929 2669 1086 2730 strenuas
1105 2669 1182 2730 erut
1200 2662 1275 2728 Filii

201 2745 232 2814 ei
256 2743 415 2814 defensor
435 2747 502 2827 ¹'⁴*·),
523 2766 684 2816 resenas
707 2747 837 2814 minime
860 2766 961 2830 posse
983 2747 1169 2814 consistere
1188 2747 1276 2816 satis

167 2837 411 2916 cognoscerent
436 2832 568 2912 Ariani,
600 2831 753 2917 adeoque
774 2831 974 2914 implacabili
995 2851 1068 2898 eura
1097 2830 1173 2898 odio
1197 2851 1275 2914 per-

167 2914 852 3070 titt*attttttt‘ttttbbtbttttt
877 2916 1276 3068 tt‘tttttttltttt

168 3091 318 3162 tuerent,
350 3095 388 3150 ut
405 3086 556 3154 omnihus
577 3097 680 3154 autea
701 3085 936 3154 munitionibus
958 3084 1140 3170 destructis
1169 3085 1282 3172 ipsam

168 3165 312 3250 deuhpne
337 3186 450 3235 arcem
474 3169 726 3239 demolirentur.
769 3169 867 3248 llupc
895 3171 937 3234 in*
958 3169 1056 3236 linctu
1076 3177 1113 3234 et
1135 3169 1275 3234 Ursacio

168 3249 372 3334 Valentique
392 3251 584 3338 Episcopis,
614 3262 649 3320 nt
678 3253 722 3320 ad
743 3272 825 3320 snas
847 3254 963 3320 iterum
985 3259 1099 3338 pturtcs
1121 3259 1275 3322 reuerte-

169 3339 302 3413 rentur,
334 3344 587 3418 persapsernut,
610 3343 645 3406 et
667 3337 854 3404 conscindi
872 3337 1030 3414 animum,
1063 3335 1118 3421 qui
1136 3335 1275 3402 devicto

168 3417 368 3505 Magnentio
390 3417 444 3508 (a.
476 3415 573 3505 353.)
603 3423 742 3490 victoria
774 3423 884 3490 elatas
913 3429 1013 3507 ratque
1038 3419 1195 3506 superbia
1226 3424 1275 3484 to·

167 3521 262 3568 mens
284 3520 325 3568 eo
346 3503 498 3571 insaniae
521 3524 723 3592 progressus
745 3506 872 3584 fuerat,
903 3513 938 3571 ut
959 3516 1121 3568 ‹retr-ruam
1142 3523 1182 3570 se
1204 3504 1276 3570 uu.

167 3586 352 3682 miunmtpre
374 3588 474 3654 totius
495 3589 584 3654 orbis
603 3591 765 3675 appellari
782 3591 927 3674 Juberet,
949 3591 1045 3659 novis
1068 3590 1108 3653 in
1124 3585 1275 3654 Athana-

168 3690 254 3738 sium
275 3673 451 3740 calumniis
472 3681 673 3769 occuparunt
693 3684 729 3742 et
750 3673 997 3745 exacerbarunt
1018 3675 1101 3754 m).
1122 3673 1196 3741 llus
1219 3693 1275 3742 au·

171 3839 379 3860 m·-

221 3933 249 4001 *l
267 3935 308 4064 sad
317 3946 449 4074 mm
469 3947 588 4069 {pegam
607 3949 640 3998 ud
659 3947 799 4000 coostuut.
818 3961 846 4001 ιι.
864 3949 897 4000 22
916 3973 945 3986 -
963 3947 1007 4001 23.
1051 3951 1153 4002 histru-
1175 3953 1273 4001 Autan.

207 4107 251 4170 ”l
269 4105 300 4164 S.
319 4113 436 4184 (impar.
457 4113 592 4166 Νιιίιιιιι.
611 4117 689 4168 Onu·
708 4117 756 4168 tt·
772 4130 800 4168 ιι.
824 4113 866 4167 tlt.
885 4121 914 4166 et
932 4130 960 4168 ιι.
981 4115 1007 4168 7.
1032 4113 1036 4119 ’

181 4203 253 4266 ‘ml
269 4202 302 4258 8.
322 4213 456 4262 Athenas·
476 4213 579 4264 tltstm·
599 4216 697 4264 Artnu.
718 4215 752 4268 ad
773 4215 899 4264 monach·
919 4228 948 4265 ιι.
967 4215 1011 4267 29·
1037 4215 1082 4266 Ab.
1121 4205 1273 4273 uosyaua.

274 4291 303 4330 a·
322 4279 349 4334 3.
387 4279 522 4335 aaaron·
542 4283 701 4337 htnrcffltu·
722 4285 772 4334 tto.
796 4283 836 4334 to.
855 4295 881 4334 u.
903 4288 928 4336 t·.
