2886 4660
202 303 264 372 tte

201 473 320 538 beatur
349 477 451 556 atriae
472 467 715 538 ,detruncatam
771 463 944 550 Quoniam
964 485 1044 534 uero
1073 467 1139 536 atis
1162 469 1213 536 itti
1235 477 1318 538 tan·

202 555 366 622 tummorto
389 557 527 642 tempori
549 561 585 622 et
605 555 877 631 circumstantiis,
905 554 937 617 in
961 554 1079 640 quibus
1100 553 1169 619 88.
1195 553 1317 620 t’atrec

201 641 440 717 versabantur,
462 639 720 712 conveniebant,
743 657 807 702 nnn
830 637 940 702 omniu
961 637 1089 723 absque
1112 637 1317 716 discrimine,

200 743 286 809 qnae
309 723 342 788 in
365 723 579 790 concionibus
600 719 667 788 SS.
684 721 818 787 Petram
841 721 1064 800 inveniantur,
1085 729 1203 788 nostra
1227 741 1314 806 auo·

199 827 266 892 que
289 817 402 874 aetate
427 806 575 892 proferre
596 813 631 873 et
652 805 812 872 adhibere
833 806 930 884 lieet:
952 806 1013 870 sed
1032 806 1212 890 prudenter
1230 825 1316 872 con·
1439 865 1440 896 ,

199 892 351 958 siderate
373 891 508 958 diverso
530 901 739 976 temporum,
756 889 1094 967 circumstantiarum,
1122 909 1315 974 morumque
1439 899 1440 960 J

200 985 412 1042 externorum
434 975 622 1044 conditione
646 974 765 1039 Patres
793 971 901 1058 quoad
926 975 1095 1039 materiam
1119 980 1153 1040 et
1176 975 1316 1042 turmam

199 1061 322 1126 imitari
345 1067 492 1146 oportet,
523 1061 586 1125 imo
608 1065 644 1124 et
666 1065 753 1122 totus
774 1059 960 1124 sententias
989 1065 1148 1144 partesve
1178 1079 1222 1125 err
1245 1059 1317 1124 Pu-

200 1154 285 1212 trnm
299 1145 450 1212 Homitiis
470 1144 504 1210 in
528 1164 620 1209 usum
643 1152 790 1208 nostrum
813 1143 997 1208 transferre
1020 1145 1131 1228 atione
1155 1141 1242 1220 ticet,
1264 1144 1316 1210 ita

199 1236 327 1308 tamem
359 1238 395 1294 ut
422 1229 650 1312 unusquisque
679 1226 810 1312 proprio
839 1227 954 1291 tabore
980 1233 1081 1312 atque
1104 1227 1202 1308 juxta
1233 1247 1315 1310 pro-

161 1345 162 1348 *
199 1316 306 1463 mim
328 1312 464 1464 gsnim
486 1329 660 1379 sermones
687 1329 768 1377 suos
791 1311 923 1394 pauntice
945 1310 1118 1376 habendos
1140 1311 1315 1384 conficiat:

200 1415 256 1482 qur
282 1417 321 1462 as
367 1415 432 1475 ern,

199 1479 320 1548 liutara
340 1481 431 1566 apud
454 1416 572 1547 intres
595 1481 760 1546 invenerit
781 1479 915 1546 themati
945 1499 1007 1544 suo
1037 1499 1205 1568 congrua,
1234 1480 1317 1546 ido·
1439 1528 1440 1542 ,

200 1584 265 1632 neo
293 1564 367 1630 ioco
399 1567 526 1632 inseret
553 1571 587 1630 et
608 1565 640 1630 in
663 1583 761 1629 anam
783 1563 882 1648 ‹prrasi
904 1583 1025 1649 corpus
1047 1563 1313 1648 coagmentatur.

200 1645 274 1718 Sed
295 1649 384 1718 atiud
407 1650 506 1717 etiam
528 1657 584 1714 est
601 1667 718 1717 manus
741 1649 823 1713 artis
838 1650 1043 1796 pastoralis,
1064 1651 1192 1716 animus
1212 1648 1314 1715 scili-

201 1739 257 1808 cet
279 1753 339 1820 per
358 1736 471 1801 varias
492 1732 588 1817 huJus
611 1732 769 1816 temporis
788 1729 839 1796 dit
860 1723 1001 1798 cultatcs
1018 1739 1087 1798 tuto
1106 1731 1258 1821 dirigere
1280 1735 1315 1803 in

200 1819 291 1886 uiam
316 1819 437 1885 salrrtis
465 1825 645 1891 aeternae:
680 1823 715 1883 et
743 1817 829 1881 hunc
859 1837 989 1902 quoqne
1011 1818 1044 1882 ia
1068 1815 1162 1883 inem
1185 1819 1315 1902 'scripta

201 1901 271 1969 88.
284 1903 418 1969 Petrum
442 1902 614 1988 plurimum
637 1900 824 1967 conducere
847 1906 997 1984 possunt.
1026 1899 1111 1970 Nam
1134 1901 1167 1966 in
1191 1902 1316 1986 episto·

200 1986 245 2052 lis
277 1989 475 2074 praesertim
507 1988 688 2053 immensus
720 1985 792 2050 tere
820 1983 1000 2050 thesaurus
1030 1985 1194 2071 reperitur
1215 2005 1316 2072 prae·

202 2078 389 2164 ceptorum,
411 2071 655 2165 principiorum,
677 2070 885 2166 regularum,
907 2071 1026 2167 auibus
1048 2070 1095 2136 uti
1116 2075 1248 2159 oportet
1270 2071 1314 2169 att

200 2170 941 2332 tritt”sternutamentum‚⁸”tr
963 2151 1317 2324 iitiirtr‘ssiiii

155 2365 160 2372 -
201 2336 308 2403 nuper
330 2326 497 2406 promotas,
519 2339 665 2386 normam
687 2321 824 2387 viventi
845 2341 886 2388 ae
910 2341 1025 2388 manus
1046 2343 1140 2390 snum
1163 2325 1224 2389 rite
1245 2323 1314 2388 ad·

201 2402 411 2468 ministrandi
433 2404 630 2484 tradebant,
651 2404 726 2472 sive
748 2408 781 2470 in
805 2407 938 2472 casibus
961 2406 1220 2484 difficilioribus,
1259 2406 1317 2494 qai

202 2505 263 2572 pro
283 2487 490 2573 impetrando
520 2488 674 2575 prudenti
702 2491 840 2556 consitio
864 2490 1043 2571 Patribus,
1075 2498 1141 2556 tam
1173 2491 1317 2558 maximo

199 2573 391 2639 sanctitatis
419 2579 454 2638 et
483 2574 681 2642 cruditionis
709 2574 808 2642 laude
830 2576 1034 2656 florentibus,
1055 2574 1208 2642 soluendi
1231 2595 1314 2662 pro·

204 2655 305 2741 positi
327 2657 470 2724 inerant.

705 2843 743 2936 s.
763 2861 815 2925 ιι.

454 2999 486 3079 c)
515 2999 594 3062 Urrrr
617 2996 678 3064 SS.
703 2997 836 3063 Patr-unt
859 3003 1053 3085 exegeticon.

177 3235 189 3260 ⁸
288 3165 475 3250 Antequam
500 3164 544 3232 de
566 3187 628 3233 usu
649 3143 718 3234 88.
740 3166 876 3233 Patrnm
897 3169 1077 3255 exegetica
1097 3167 1205 3236 verba
1230 3165 1319 3234 rau-

203 3265 316 3328 amns,
341 3268 447 3333 pauca
468 3250 511 3317 rte
532 3250 626 3318 modo
648 3252 887 3336 interpretandi
910 3250 949 3318 8.
972 3253 1183 3339 Scripturas,
1205 3251 1317 3338 quatis

478 1414 542 1462 uae
562 1395 707 1482 egregie
728 1393 827 1470 dicta,
846 1395 923 1461 sive
946 1396 1110 1466 breviora,
1134 1395 1206 1460 sire
1229 1415 1315 1480 pros
1439 1379 1440 1452 i

200 3333 290 3417 apud
324 3333 392 3400 SS.
423 3335 543 3401 Patres
570 3336 755 3414 invenitur,
788 3337 1000 3420 praemittere
1022 3341 1129 3420 juvat.
1174 3337 1314 3423 Triplex
1437 3343 1438 3348 ’

202 3426 312 3485 autem
336 3421 523 3504 generatim
545 3430 599 3484 est
620 3417 737 3485 modas
758 3419 997 3506 interpretandi
1025 3420 1064 3488 8.
1093 3421 1316 3510 Scriptorum,

90 3515 96 3522 ’
202 3501 332 3569 scilicet
362 3505 521 3578 literatis,
554 3504 686 3567 aurata
715 3509 751 3570 et
778 3505 843 3569 ultr
866 3507 973 3568 oricus
1001 3497 1091 3605 (scu
1122 3499 1319 3604 mysticas).

201 3583 376 3682 Expositio
399 3589 531 3652 marotia
554 3587 673 3667 omnia,
695 3607 783 3674 quae
805 3527 991 3656 referuntur
1011 3608 1045 3657 m
1068 3589 1107 3655 8.
1120 3589 1320 3676 Scripturas,

202 3669 392 3736 immediate
416 3671 458 3735 art
482 3691 590 3738 rnorcs
613 3671 802 3738 formandos
824 3674 993 3757 pertinere
1024 3675 1159 3758 statuit3
1189 3675 1313 3758 ottoga-

203 3750 276 3812 rica
290 3771 381 3847 'vero
404 3753 519 3833 docet,
541 3759 667 3838 omnia,
691 3774 914 3842 quaecamque
935 3757 968 3822 in
990 3755 1030 3824 8.
1053 3757 1238 3846 scripturis
1261 3775 1318 3824 re·

202 3844 313 3918 posuit
334 3835 481 3920 Spiritus
504 3837 666 3916 Sanctus,
688 3846 768 3924 apte
789 3839 954 3908 inseruire
975 3859 1079 3927 posse
1101 3841 1155 3908 vet
1189 3841 1317 3908 uenere

202 3925 367 4004 tamquam
390 3922 491 4018 signa
515 3922 556 3984 art
581 3923 739 4007 dogmata
762 3919 961 4004 christiana,
983 3927 1058 3992 sive
1086 3945 1173 4012 ottae
1197 3944 1318 4012 perso-

202 4019 278 4068 nam
314 4001 438 4070 Christi
475 4002 635 4104 Opusqne
668 4003 925 4092 redemptionis,
965 4013 1041 4078 sive
1077 4028 1164 4096 quae
1192 4019 1319 4078 statum
1433 4032 1437 4053 ¹

203 4087 333 4154 animae
354 4085 555 4156 christianae
578 4109 610 4156 ιιι
635 4089 704 4156 rita
731 4093 899 4175 praesenti
928 4095 1110 4174 internum,
1140 4101 1199 4160 aut
1226 4095 1321 4160 tutu·

202 4191 273 4239 rnm
295 4173 327 4240 in
351 4173 460 4241 attera
481 4175 553 4240 vita
566 4180 778 4251 concernunt,
794 4175 1022 4246 ndumtranda
1033 4187 1067 4246 et
1079 4177 1321 4265 caprimenda3
1431 4192 1434 4201 ’

202 4258 368 4342 expositio
383 4256 526 4347 denique
539 4260 682 4326 literato
692 4279 754 4328 nec
766 4261 932 4345 moralem,
946 4281 1009 4332 nec
1021 4263 1241 4354 allegoricam
1257 4280 1322 4348 pe·
1435 4306 1436 4320 .
