2880 4660
210 244 274 378 aad
1077 281 1083 322 ι

210 481 322 544 terrae
343 483 379 542 et
401 493 497 542 unum
520 473 687 542 Christum
709 473 826 542 Filium
848 475 913 544 Dei
941 473 996 565 (r.
1021 478 1092 542 l·-
1105 471 1174 564 a).
1228 476 1316 545 ilino

210 561 253 628 ad
284 568 515 647 argumentum
544 580 586 627 ex
615 558 798 641 scripturis
832 562 969 646 petitum
1001 567 1241 646 transgressus
1272 565 1319 640 ³),

208 652 385 732 postquam
406 641 569 716 ostendit,
597 662 659 710 neo
681 643 863 723 Christum,
891 663 954 710 nee
977 645 1160 728 Apostolos
1181 663 1318 710 accom-

208 729 394 797 modatione
433 727 476 793 ad
517 729 625 794 falsas
658 728 840 794 arrditornm
876 727 1048 812 opiniones
1083 729 1191 794 sitisse
1224 749 1318 806 usos,

234 815 312 878 rimo
336 812 540 878 demonstrat
561 831 602 877 ex
624 811 742 878 Veteri
762 812 996 887 Testamento,
1018 820 1084 878 tum
1105 833 1148 879 ex
1171 820 1318 897 quatuor

209 833 410 978 Euangelus
432 903 467 962 et
483 895 620 980 reliquis
633 895 864 980 Apostolorum
886 897 1032 982 scriptis
1054 916 1152 962 unuru
1175 903 1209 960 et
1233 917 1319 963 eun-

210 983 284 1048 dem
307 982 425 1056 Deum,
448 981 504 1066 qrri
526 980 568 1044 ab
591 983 741 1045 omuibus
764 979 950 1063 Prophetis,
972 999 1035 1045 nec
1058 999 1122 1046 non
1147 981 1319 1046 ahEran-

210 1067 302 1154 geiio
326 1067 540 1131 annuntiatus
563 1072 632 1136 est,
660 1083 754 1148 qrrem
776 1062 958 1130 Christiani
980 1065 1093 1129 colunt
1114 1071 1148 1128 et
1170 1063 1320 1150 diligunt

209 1170 254 1216 ex
275 1156 345 1215 toto
369 1147 484 1225 corde,
507 1167 586 1212 esse
608 1147 765 1212 factorem
788 1147 873 1214 coeii
896 1153 931 1213 et
954 1153 1080 1226 terrae,
1107 1143 1148 1213 et'
1162 1152 1315 1226 omnium,

210 1235 350 1320 quaein
374 1233 424 1296 eis
447 1238 525 1295 sont
556 1238 605 1308 (c.
628 1236 704 1294 5—
721 1234 802 1306 la).
860 1230 990 1298 Deinde
1017 1249 1060 1297 ex
1084 1233 1316 1319 Apostolorum

209 1318 344 1401 scriptis
372 1323 406 1382 et
434 1315 670 1400 Prophetarum
699 1315 866 1381 vaticiniis
894 1315 1119 1391 demonstrat,
1157 1324 1318 1382 unumst

209 1400 348 1476 eundem
371 1418 450 1464 esse
471 1399 589 1464 Jesnrn
611 1397 800 1476 Christum,
834 1399 1010 1464 indivisum
1041 1408 1075 1465 et
1103 1401 1316 1484 inseparabi-

209 1483 291 1558 lem,
322 1482 536 1568 Unigenitum
559 1483 622 1548 Dei
644 1483 783 1562 Filium,
809 1483 864 1568 qui
886 1502 985 1562 vere,
1013 1501 1079 1548 non
1100 1483 1145 1549 ad
1166 1485 1316 1572 speciem

209 1569 332 1647 solum,
364 1566 460 1632 homo
495 1567 627 1643 tactus,
655 1587 778 1653 passus
808 1575 843 1634 et
870 1573 1015 1633 mortuos
1043 1568 1089 1632 sit
1119 1587 1178 1651 pro
1205 1569 1316 1644 sainte

209 1659 343 1728 nostra,
365 1671 505 1737 eumque
526 1650 612 1717 adeo
635 1671 748 1717 rerum
771 1651 875 1717 Deum
899 1652 994 1716 simul
1017 1658 1052 1716 et
1073 1670 1187 1717 verum
1210 1653 1318 1716 homi-

210 1755 284 1802 nem
318 1755 397 1802 esse
430 1755 470 1802 ao
499 1733 712 1801 Salvatorem
740 1736 876 1821 generis
908 1735 1059 1806 humani:
1096 1737 1151 1801 uhi
1185 1739 1318 1802 omnino

211 1820 384 1906 praeclare
421 1819 464 1885 de
497 1819 717 1885 Redemtione
753 1822 892 1902 ejusque
927 1819 1113 1899 fructibus,
1157 1819 1200 1887 de
1237 1839 1318 1905 peo-

214 1913 309 2054 cato5
320 1905 475 1992 originali
509 1922 550 1970 ao
584 1904 627 1970 de
654 1902 768 1970 divina
801 1901 1011 1990 providentia
1040 1903 1177 1971 disserit
1205 1910 1255 1984 (c.
1279 1908 1318 1969 lo

294 2125 396 2189 Libro
419 2130 528 2189 autern
550 2125 610 2190 lV.
634 2126 769 2209 probat,
798 2125 939 2192 eundem
961 2125 1085 2204 Denrn,
1108 2127 1161 2212 qni
1184 2127 1317 2192 creavit

209 2207 332 2275 coelam
357 2215 391 2273 et
412 2216 548 2286 terram,
572 2228 668 2292 quem
692 2213 764 2275 Lex
786 2209 892 2275 Mosis
915 2222 950 2277 et
971 2211 1160 2295 Prophetae
1182 2211 1321 2295 praedi-

211 2300 308 2367 runt,
335 2309 413 2356 esse
436 2292 568 2358 Patrem
590 2290 721 2359 Domini
744 2297 846 2360 nostri
868 2295 952 2360 Jesu
976 2295 1098 2361 Christi
1120 2305 1167 2374 (o.
1193 2295 1319 2372 1-8.l‚

208 2376 353 2461 indeque
371 2377 492 2442 transit
514 2376 558 2440 ad
579 2377 762 2443 solvendas
780 2378 1010 2444 Gnosticorum
1034 2381 1248 2462 objectiones,
1273 2399 1318 2446 ex

209 2461 321 2527 indole
343 2461 476 2526 Veteris
500 2462 706 2527 Testamenti
731 2463 862 2547 petitas.
907 2463 982 2528 Non
1007 2465 1094 2528 enirn
1116 2463 1203 2541 ideo,
1226 2465 1317 2546 qnod

209 2545 274 2611 dno
296 2552 374 2612 siunt
396 2546 630 2625 Testamenta,
652 2547 760 2614 Vetus
783 2555 817 2612 et
839 2547 984 2623 Novum,
1007 2545 1090 2613 diros
1112 2550 1212 2612 etiam
1234 2566 1318 2614 esse

209 2629 363 2695 diversos
395 2630 503 2701 deos,
542 2631 639 2696 deum
673 2631 803 2696 scilieet
835 2651 1042 2716 supremum,
1078 2636 1156 2696 ante
1186 2631 1318 2697 Christi

208 2714 387 2779 adventurn
410 2715 627 2796 incognitum,
662 2722 697 2778 et
719 2717 837 2787 alium,
870 2716 926 2799 qrri
953 2717 1051 2780 etiarn
1079 2724 1219 2780 vocatur
1243 2715 1316 2780 De-

208 2800 372 2880 miurgos3
395 2797 456 2860 sed
482 2797 589 2878 potius
611 2797 768 2874 ostendit,
789 2797 960 2884 utriusque
983 2799 1189 2864 Testamenti
1215 2819 1315 2864 unum

206 2880 411 2962 eundemque
434 2895 512 2942 esse
536 2887 713 2950 cunctorem,
729 2879 869 2944 eundem
889 2883 983 2946 tinem
1002 2901 1201 2968 scopurnque
1216 2901 1317 2968 prae-

206 2964 353 3045 cipuum,
376 2959 517 3025 eundem
539 2968 684 3028 tenorem
707 2962 913 3050 eundemque
935 2966 1171 3045 characterem,
1194 2969 1318 3053 quippe

206 3065 278 3109 curm
301 3063 384 3107 unius
408 3043 499 3108 ileos
523 3051 624 3110 lotam
647 3047 733 3112 hanc
756 3049 876 3114 salutis
898 3053 1121 3116 oeconomiam
1150 3071 1208 3135 pro
1239 3054 1315 3115 nni-

205 3147 305 3193 verso
336 3127 476 3192 humano
503 3146 631 3216 genere
659 3134 907 3216 sapientissime
942 3133 1163 3216 disposuerit,
1200 3137 1248 3198 ita
1279 3143 1316 3198 nt

207 3212 315 3278 omnia
337 3210 465 3277 demum
488 3213 520 3277 in
545 3213 671 3280 altioris
693 3217 816 3282 ordinis
839 3217 997 3282 unitatem
1017 3219 1191 3290 collirnent,
1216 3219 1315 3282 Novo

206 3298 423 3362 Testamenta
446 3300 477 3361 in
501 3298 628 3364 Vetere
645 3303 715 3382 jam
738 3303 863 3365 latente
891 3307 941 3380 (e.
963 3303 1099 3378 8-25).
1131 3303 1202 3368 Sed
1228 3301 1314 3365 haee

206 3383 313 3447 omnia
346 3401 409 3448 uon
439 3381 632 3469 intelligunt
659 3384 723 3449 nisi
752 3383 953 3462 Christiani,
990 3387 1044 3471 quui
1074 3387 1206 3451 scilicet
1241 3405 1315 3450 oum

204 3467 394 3532 ohedientia
423 3466 559 3530 audiunt
588 3469 816 3553 magisterium
843 3469 1043 3545 Ecclesiae,
1077 3470 1111 3534 in
1141 3489 1207 3554 qna
1239 3472 1314 3534 sola

204 3549 370 3614 charisma
402 3551 554 3615 veritatis
582 3569 654 3616 eorm
680 3553 899 3637 Episcopatus
931 3554 1150 3620 successione
1185 3563 1313 3620 eertum

205 3633 319 3707 adest,
342 3652 426 3718 qliae
447 3635 521 3698 sola
540 3634 732 3719 Scripturas
753 3637 828 3701 sine
850 3638 971 3702 erroris
996 3639 1143 3716 periculo
1165 3639 1314 3722 exponit,

204 3727 394 3796 rectamque
426 3716 468 3782 de
491 3718 562 3782 Deo
585 3719 685 3784 Patre
714 3722 853 3802 ejusque
876 3721 958 3785 Filio
986 3727 1022 3786 et
1044 3721 1160 3788 Veteri
1185 3723 1314 3787 Testa-

204 3807 315 3864 mento
337 3801 518 3865 doctrinam
540 3804 691 3887 proponit
712 3811 762 3881 te
785 3807 869 3880 att).
921 3803 1007 3870 Dein
1031 3824 1112 3872 vero
1134 3825 1198 3873 nec
1218 3804 1312 3883 inde,

256 4117 282 4180 ‘l
299 4122 440 4186 Quaenam
460 4139 528 4176 vero
546 4139 562 4176 a
587 4129 615 4176 S·
637 4131 752 4179 irenaeo
777 4133 917 4183 statuatur
935 4137 1028 4184 mutua
1046 4133 1146 4182 relatio
1163 4133 1310 4182 ‘l'rsdttio-

308 4197 403 4314 reutffid
421 4199 644 4260 §.scripturam
663 4205 739 4262 patet
756 4213 791 4252 ex
811 4203 866 4262 lllr·v
880 4205 930 4254 lll.
949 4203 1070 4255 arrolas
1090 4207 1119 4252 et
1136 4214 1163 4252 o.
1187 4203 1211 4252 l·
1232 4201 1260 4254 a·
1280 4197 1309 4251 t.
