2880 4660
206 335 374 404 232.

205 505 299 566 tauto
320 497 353 564 io
378 495 482 585 pretio
505 493 638 562 habitus
660 495 746 582 apud
773 494 947 578 Antiquos,
969 495 1104 578 integer
1128 503 1241 562 tamen
1263 497 1315 563 sic
1426 523 1427 528 ¹

207 582 389 660 exciderit,
430 589 464 648 ut
497 600 541 678 ea
575 581 745 678 dumtaxat
780 580 881 646 bodie
914 573 1085 665 supersint
1115 580 1318 678 fragments

207 687 344 758 graeca,
367 685 451 752 quae
474 671 609 762 scriptus
629 686 701 763 suis
722 683 895 764 inseruere
917 670 1072 730 auctores
1123 683 1226 742 roecr,
1244 663 1318 730 Eu·

207 751 322 818 sebius
345 757 555 837 praesertim,
576 748 614 814 S.
637 747 844 835 Eprpbanros
867 755 968 836 atque
989 747 1081 814 'lbeo
1105 754 1230 816 oratus.

699 937 736 1022 s.
763 948 819 1013 to.

314 1091 542 1173 Argoraerrlrrm
569 1087 682 1171 Operis
706 1091 741 1153 δ’.
768 1085 898 1150 Irermet'
921 1096 1036 1150 cortlrrr
1058 1083 1213 1152 haereses.

293 1255 396 1320 Libro
418 1254 446 1320 l.
468 1251 699 1320 Gnosticorum
722 1272 872 1333 errores,
908 1253 994 1340 qood
1018 1253 1112 1320 multi
1134 1260 1215 1321 ante
1241 1275 1317 1324 eo·

208 1355 325 1488 parum
348 1335 438 1404 felici
461 1344 572 1404 tamen
594 1357 756 1404 successu
777 1343 1001 1418 tentaverant,
1024 1347 1180 1406 accurate
1202 1359 1242 1405 ac
1261 1339 1316 1406 di-

224 1421 320 1488 ncide
352 1441 393 1487 ex
428 1421 510 1506 ipsis
545 1421 694 1488 sontibus
727 1422 865 1508 exponit
889 1424 935 1500 a),
1003 1417 1033 1488 Α
1066 1421 1316 1490 Valentinianis

209 1512 318 1572 autem
340 1503 511 1572 exordium
531 1503 666 1583 sumsit,
702 1506 779 1591 qrria
805 1507 837 1572 in
861 1524 936 1571 eam
963 1504 1119 1572 haeresin
1154 1505 1247 1574 velut
1280 1509 1317 1574 in

209 1593 372 1656 sentinam
406 1591 632 1656 conduxerant
663 1589 799 1656 aliarum
833 1591 973 1656 omniurn
1005 1590 1086 1655 inde
1126 1611 1146 1657 a
1177 1591 1318 1658 Simone

208 1671 265 1742 blo
295 1674 467 1755 osordes,
486 1681 521 1740 et
542 1677 576 1740 in
598 1675 631 1740 id
656 1674 859 1758 potissimum
881 1673 1038 1750 incubuit,
1061 1679 1096 1741 nt
1117 1693 1228 1742 eorum
1249 1673 1317 1760 lay-

208 1695 363 1845 prodesto
387 1760 503 1844 mojori
525 1776 605 1846 prae
627 1757 750 1824 ceteris
774 1777 854 1824 cura
875 1758 1073 1845 explicatam
1097 1758 1205 1836 claret,
1220 1767 1319 1826 rstus

210 1863 253 1910 eo
275 1842 379 1911 semel
401 1844 503 1931 probe
526 1850 603 1908 nota
624 1849 659 1908 et
680 1849 849 1929 prostrato
872 1855 1004 1909 ceteras
1026 1851 1118 1909 stare
1140 1863 1204 1908 non
1233 1863 1319 1930 pos-

208 1947 261 1995 se.
313 1927 402 1994 Hinc
434 1927 572 2014 exponit
606 1925 913 1992 Valentinianorum
943 1926 1067 2014 placita
1094 1926 1137 1994 de
1160 1926 1241 2004 Deo,
1273 1927 1320 1996 de

210 2014 421 2078 emanatione
446 2013 592 2076 Aeonum
617 2029 659 2075 ex
679 2011 751 2076 Deo
786 2029 962 2096 eorumque
999 2011 1110 2077 mutos
1141 2010 1321 2092 relatione,

209 2093 252 2159 de
274 2095 385 2160 mundi
409 2094 505 2177 bojns
528 2093 670 2160 visibilis
693 2095 878 2172 creatione,
910 2100 1009 2179 atque
1032 2093 1226 2161 formatione
1254 2091 1320 2162 bo·
1427 2137 1428 2178 5

208 2177 1231 2349 littero”illllll‘s‘lllcllllaad?’stillat
1249 2199 1322 2330 {tl

390 2306 399 2338 2

207 2343 409 2432 perlectum,
432 2343 475 2411 de
498 2343 649 2412 doctrina
671 2366 782 2414 eorum
805 2345 932 2424 ethica,
955 2343 997 2412 de
1020 2347 1321 2416 ‘consummatione

208 2429 349 2496 omnium
372 2449 501 2508 rerum,
533 2430 634 2518 impia
664 2427 791 2497 demum
821 2429 864 2498 de
887 2429 1079 2498 Salvatoris
1099 2434 1204 2497 nostri
1224 2432 1323 2500 lesu

208 2510 333 2582 Christi
355 2533 499 2601 persons
521 2521 555 2582 et
577 2533 711 2582 munere
739 2515 989 2604 dogmata·**),
1023 2513 1147 2584 additis
1176 2514 1324 2601 insuper

207 2597 390 2678 rationum,
436 2597 531 2666 nibus
553 2619 572 2666 e
590 2597 629 2666 S.
650 2597 824 2684 Scriptura
848 2599 941 2666 varie
963 2598 1093 2664 detorta
1114 2619 1177 2666 sos
1203 2601 1322 2668 omnia

207 2677 394 2778 tirmabaut,
412 2619 505 2748 band
528 2683 646 2768 paucis
668 2683 914 2766 speciminibus,
938 2701 1024 2767 quoe
1046 2683 1168 2751 deinde
1189 2703 1248 2750 ceu
1262 2683 1325 2752 l'u·

208 2763 280 2829 trlrs
303 2765 450 2830 declarat
472 2772 507 2829 et
527 2762 673 2830 absurda
695 2771 736 2841 (c.
763 2769 878 2838 l-o.).
923 2763 1016 2834 Tunc
1038 2773 1209 2854 postquam
1237 2771 1324 2835 uni·

207 2864 331 2913 versae
352 2845 531 2912 Ecclesiae
568 2845 764 2914 Catholicae
791 2850 823 2914 iu
852 2869 917 2916 sua
946 2849 1013 2917 srde
1047 2854 1204 2918 unitatem
1226 2861 1321 2919 urn-

209 2947 307 3014 qoam
329 2929 482 2995 veritatis
505 2930 724 2996 certissimum
748 2939 783 2998 et
804 2935 1029 3000 necessarium
1053 2937 1216 3003 criterium
1235 2957 1323 3022 pro-
1428 2999 1429 3004 ,

207 3013 318 3098 posuit
336 3021 377 3092 (c.
402 3014 485 3092 10.),
506 3013 611 3100 ipsam
633 3013 886 3084 confutationem
908 3039 1099 3106 aggressus
1121 3023 1222 3107 priino
1250 3040 1321 3107 op-
1428 3023 1429 3060 r

128 3165 134 3183 ‚
206 3095 300 3182 ponit
321 3108 484 3179 temporam
505 3099 716 3166 manifestum
742 3099 865 3168 erroris
887 3099 1040 3170 indiciam
1064 3103 1322 3186 baereticorum,

207 3180 384 3268 praecipue
408 3180 642 3268 discipolorum
666 3190 700 3250 et
721 3191 923 3252 sectatorum
940 3181 1122 3260 Valentini,
1148 3196 1182 3253 ut
1196 3187 1323 3254 Ptole·
1428 3181 1429 3250 i

207 3265 312 3344 moei,
339 3266 447 3333 Marci
469 3275 535 3333 etc.
567 3265 655 3334 inter
679 3288 720 3335 se
749 3267 1006 3357 discrepantiam
1027 3280 1062 3337 ct
1083 3270 1323 3340 dissensiones

207 3355 261 3426 (c.
287 3350 464 3432 ll-al.t,
497 3367 539 3417 ac
560 3349 706 3434 impuros
729 3353 861 3435 lontes,
896 3357 1057 3440 equibus
1078 3375 1210 3422 errores
1232 3377 1320 3424 snos

206 3549 415 3565 ὴ

310 3663 460 3782 ιςὲἒιᾶοιιι
479 3665 598 3728 nompsr
617 3666 649 3715 Ρ.
668 3667 717 3715 111.
737 3680 764 3727 p.
783 3662 918 3720 ara-at.
956 3662 1068 3732 moola.
1088 3673 1111 3722 Ι.
1130 3664 1183 3721 no.
1204 3664 1243 3721 6.
1263 3672 1319 3726 337

255 3825 284 3883 ⁸)
302 3827 397 3889 nlnts,
421 3827 502 3894 cujus
519 3834 611 3895 grotta
629 3835 668 3882 tot
686 3832 788 3882 dcllrla
806 3837 835 3884 at
852 3833 1040 3888 absurditates
1058 3835 1256 3900 explicantur,
1272 3841 1315 3889 sb

308 3900 368 3959 ipso
385 3899 414 3948 Β.
433 3903 550 3951 irenaeo
567 3905 671 3964 opttsre
689 3903 831 3954 lucisator
848 3905 899 3956 tro.
918 3909 942 3956 l·
961 3919 989 3957 ο.
1007 3907 1054 3959 ot.
1072 3921 1102 3958 ιι.
1119 3904 1203 3960 3-4.

235 3987 284 4054 **)
302 3993 343 4044 lla
361 3995 404 4044 bls
421 3999 577 4059 praecipato
595 3991 786 4049 Gnosticorum
805 4003 945 4052 erroribus
962 4003 1029 4055 vtato
1047 4015 1132 4068 snpra
1148 4004 1178 4066 s.
1194 4003 1240 4056 ol.
1261 4005 1311 4056 cf.

303 4065 427 4114 maed
445 4066 517 4115 Dm·
537 4069 559 4116 {a
583 4069 725 4132 svm&
742 4073 822 4119 ⁸800·
842 4073 878 4120 Π·
902 4075 1022 4125 mans
1041 4078 1063 4125 Ι,
1087 4087 1115 4125 οο
1133 4074 1162 4126 3ο
1180 4071 1211 4126 Α·
1231 4075 1259 4124 5·
1281 4083 1315 4126 θα

303 4133 332 4186 o·
350 4133 393 4193 (Τ.
414 4136 436 4184 1.
456 4148 483 4196 p·
499 4133 641 4190 oso-tao
660 4143 828 4200 potissimam
846 4154 881 4193 ss
894 4144 1030 4208 Noorryl,
1043 4147 1176 4198 Numa«
1193 4147 1317 4196 “Mat-

304 4211 349 4256 tsr
367 4205 410 4266 (ι.
428 4217 513 4268 aspra
531 4205 558 4268 8.
578 4205 623 4262 dd.
642 4223 670 4271 p.
693 4209 754 4264 rot.
772 4213 836 4264 liot.
858 4207 898 4272 ”l
