2886 4660
197 310 241 378 ia
350 351 355 360 ·

198 477 258 543 tuis
280 493 398 542 nomeu
420 471 606 559 hujusmodi
627 489 688 542 seu
711 473 852 540 bomilir's
873 491 934 539 seu
956 473 1049 540 libris
1060 469 1313 554 aermnae

198 568 234 627 ot
254 567 289 628 et
311 561 445 627 facilius
467 565 501 626 ei
523 560 625 644 pluris
648 559 947 634 venrrmdarentnr;
968 558 1025 622 elii
1053 575 1121 624 son
1152 571 1172 623 ιι
1204 560 1313 645 pluri«

200 647 283 723 bus,
310 644 372 711 sed
395 646 437 710 ab
466 661 530 709 uuo
553 651 680 710 ionium
707 644 870 730 scriptore
896 649 1059 728 exceptus
1085 643 1246 718 laciniae,
1275 651 1314 708 ni

199 727 319 796 melius
342 736 513 816 poteraut,
536 731 744 806 assuebant,
765 735 800 793 ei
823 727 1005 812 proconisso
1028 727 1149 792 illustri
1177 729 1312 795 nominc

200 815 423 896 proterebant·
437 814 469 878 in
493 813 680 900 poblicum,
704 814 760 877 alii
783 810 913 877 demum
935 811 1135 878 audaciores
1158 813 1313 900 integras

200 897 353 966 homilias
390 897 603 964 crationesuc
635 899 787 963 omuibus
819 897 890 961 suis
913 897 1063 980 partibus
1096 903 1131 962 et
1163 899 1311 964 uulneris
1433 949 1434 978 ,

201 983 386 1062 absolutas,
409 982 518 1048 celato
539 981 610 1048 veri
632 983 780 1047 auctoris
802 981 943 1060 nominc,
956 980 1122 1066 praecinui
1137 981 1313 1061 cujusdem

202 1067 356 1135 lionoris
388 1066 445 1134 vel
478 1066 588 1130 Putris
624 1067 719 1130 titulo
750 1065 999 1149 irrsiguiebaut,
1027 1066 1220 1150 vulgarium
1248 1066 1314 1132 bac

201 1153 331 1218 ratione
358 1157 393 1218 ei
425 1149 587 1216 interdurn
614 1167 744 1248 quoque
767 1145 978 1216 obscurorum
1009 1149 1171 1214 bominum
1199 1150 1310 1217 lomus

161 1293 164 1300 .
201 1236 396 1302 nobiliorum
417 1243 584 1299 auctorum
607 1233 703 1300 tilulo
723 1241 942 1318 coronantesp
964 1234 1018 1298 vel
1043 1235 1158 1318 paucis
1180 1235 1221 1298 sb
1243 1235 1313 1300 ini·

203 1321 248 1385 tio
271 1319 384 1385 verbis
406 1317 600 1418 periodisve
630 1319 752 1384 ablatis
783 1323 840 1384 aut
868 1319 1000 1384 suturis
1033 1318 1086 1384 bis
1119 1317 1314 1386 vendebant

201 1411 356 1490 tanquam
380 1402 519 1468 diverso
538 1404 703 1468 variorum
725 1403 859 1468 Petrum
889 1420 1001 1489 opera.
1056 1403 1179 1468 llsrun
1203 1405 1313 1468 mala·

202 1505 272 1554 rum
295 1489 413 1552 artium
434 1487 588 1572 exempla
608 1495 663 1553 sai
691 1487 796 1554 mulia
825 1487 976 1553 iuvenire
1005 1487 1083 1552 licei
1112 1487 1145 1552 iu
1171 1485 1313 1574 Appen-

203 1572 278 1638 dice
300 1568 444 1658 Operum
466 1568 535 1638 SS.
568 1569 762 1652 Athanasii,
798 1569 933 1651 Basilii,
961 1570 1209 1656 chrysostomi,
1242 1575 1313 1638 Aa·

207 1656 334 1746 gustini
357 1655 570 1741 aliorumque.
593 1657 627 1734 ⁹)

273 1763 335 1857 ¹3)
361 1767 586 1830 hibrcricrrrin
609 1771 705 1832 olium
728 1787 854 1831 errores
875 1787 918 1831 etc
939 1769 1106 1850 iuipcritc'u
1129 1765 1180 1832 cel
1205 1770 1314 1854 aegii-

202 1853 315 1936 geuiio
338 1852 405 1914 orii
433 1850 520 1918 baud
551 1870 625 1917 roro
652 1851 889 1937 suppositionis
918 1849 972 1916 vel
1001 1853 1222 1938 corruptionis
1250 1871 1313 1918 au·
1433 1915 1434 1934 ,

203 1954 276 2002 sam
307 1936 500 2020 praebuere.
566 1935 603 2000 ld
634 1953 714 2001 vero
746 1935 896 2020 pluribus
926 1935 1030 2006 tondis
1065 1937 1203 2018 eccidit,
1237 1955 1312 2004 cum
1433 1967 1434 2002 ;

203 2021 277 2086 scil.
305 2019 470 2085 vetustior
492 2019 624 2106 quidam
648 2019 799 2085 librarius
822 2019 863 2083 ob
888 2021 1056 2086 materiem
1079 2018 1223 2106 Operum
1246 2038 1310 2086 non
1433 2043 1434 2098 1

203 2101 397 2170 dissimilem
419 2101 625 2170 diversorum
647 2111 815 2170 auctorum
838 2101 970 2171 libellos
992 2103 1110 2171 eodem
1140 2107 1313 2192 copularet

203 2186 395 2262 volumine,
427 2185 589 2252 recentior
617 2206 697 2253 vero
733 2186 887 2253 librarius
918 2188 993 2254 sive
1026 2191 1230 2275 impressor,
1257 2203 1315 2256 aui

201 2287 268 2336 non
291 2269 463 2353 reperiens
484 2269 671 2356 adscriptos
692 2272 817 2350 titulos,
839 2277 897 2336 aut
917 2272 1111 2340 obliteratus
1134 2273 1311 2342 cl’eudcus

205 2354 238 2420 ei
273 2352 435 2419 tribueret
472 2355 602 2431 omnia,
644 2356 736 2439 cujus
776 2356 809 2421 iu
850 2354 958 2422 ironic
1005 2359 1182 2425 voluminis
1228 2377 1312 2424 con-

202 2441 364 2524 spexerat
385 2455 522 2520 uenerit
546 2440 602 2505 vel
626 2458 698 2506 cum
722 2440 778 2505 aiii
799 2439 899 2505 meris
921 2439 989 2506 nixi
1011 2443 1221 2526 conjecturis,
1244 2460 1311 2531 ge-

202 2523 373 2590 uuinorum
395 2529 561 2591 sucturum
584 2540 700 2594 nomen
723 2523 933 2605 nescientes,
959 2522 1016 2590 vel
1047 2528 1195 2594 rutioues
1225 2529 1313 2594 satis

203 2607 335 2677 validas
358 2605 401 2673 ad
424 2602 509 2676 illud
532 2607 719 2675 moriundum
741 2625 822 2676 sese
844 2609 969 2678 hebere
991 2603 1223 2678 existimantes
1246 2612 1315 2677 l’o-

201 2693 264 2758 tris
291 2687 464 2774 cujusdem
494 2712 609 2758 nomen
638 2691 888 2781 praefigerent,
918 2695 972 2760 vel
1004 2715 1073 2761 cun
1098 2701 1215 2762 auctor
1246 2696 1316 2760 ali·
1433 2729 1434 2760 i

203 2776 276 2860 quis
305 2773 398 2840 libris
427 2793 448 2840 a
474 2796 514 2843 se
541 2778 571 2842 iu
603 2777 739 2843 sormam
770 2777 1011 2862 Dialogoruru,
1038 2780 1093 2844 vel
1121 2779 1185 2844 olio
1213 2779 1314 2845 ruodo
1433 2857 1434 2860 Ἴ

202 2859 1314 2949 scriptisnomine**)onlloquentiumindidit,Ciceronisertemplum
1433 2863 1434 2894 ¹

202 2950 361 3028 secutus3
384 2946 441 3011 vel
462 2946 561 3012 etism
584 2964 657 3011 oum
678 2945 847 3012 titulorum
869 2947 1073 3036 ambiguitas
1088 2948 1248 3014 nominum
1271 2966 1315 3014 ue

201 3026 382 3096 similitudo
404 3043 509 3096 caiisa
530 3025 706 3115 aliquando
729 3029 807 3108 tuit,
837 3048 896 3096 cur
917 3041 1020 3116 opero
1049 3031 1212 3119 quaedum
1242 2969 1331 3098 gs,

201 3111 357 3180 Patribus
389 3113 476 3180 ielso
509 3113 783 3200 assignarentur,
805 3116 878 3194 Μ)
912 3116 1056 3203 denique
1089 3135 1162 3182 cum
1195 3117 1311 3182 llnmi-

204 3285 414 3301 ψ

254 3376 283 3442 *i
301 3381 440 3502 gussini?
454 3378 715 3502 ἑοωιιιιιοιιῐιιιᾶιῗ
733 3389 774 3436 rei
794 3387 920 3448 exempla
949 3385 1030 3437 sieri
1047 3385 1143 3437 sixtus
1161 3387 1229 3464 sen.
1249 3387 1313 3438 ioco

305 3462 455 3583 ,uteru
473 3466 628 3571 uas.
647 3458 1312 3589 auteuoee⁶i5cui⁰c⁹uit

305 3589 419 3640 actione
439 3587 595 3653 liutpeniti,
620 3595 668 3654 qni
686 3603 741 3645 non
760 3599 804 3648 ent
821 3595 876 3648 niel
895 3600 984 3660 ipsius
1001 3595 1076 3648 libel·
1095 3599 1131 3648 dc
1156 3601 1234 3648 tecta
1259 3597 1312 3646 nde

306 3661 340 3706 ad
365 3661 560 3720 incentorem
584 3661 777 3722 Theodosium,
804 3668 833 3716 ln
857 3671 1035 3730 quaestiones
1061 3668 1091 3717 et
1114 3670 1310 3731 responsiones

307 3729 473 3781 dissolutos.
491 3731 537 3778 coi
554 3732 632 3780 eliud
652 3737 786 3796 quoddam
807 3733 915 3788 initium
935 3738 1086 3801 ιιιιιοῆιιιιιιι
1106 3743 1160 3788 cst.

237 3819 287 3878 *bi
307 3825 347 3871 iis
365 3825 411 3872 ex.
436 3833 481 3890 gr·
507 3823 630 3892 vigilius
653 3825 798 3892 tapsensis
824 3837 944 3899 quinquo
970 3831 1059 3886 libros
1086 3837 1176 3886 edidit
1200 3835 1311 3885 nonius

307 3893 468 3957 Athanasii,
493 3909 573 3960 quiem
592 3899 630 3948 ibi
649 3901 849 3963 colloquentem
869 3903 989 3966 inducit;
1019 3907 1086 3969 quos
1105 3903 1239 3965 deinceps
1258 3907 1311 3952 inu-

306 3961 387 4023 periti
411 3961 519 4015 llbrnrii
542 3967 571 4015 s.
597 3967 740 4020 lltbanesii
765 3969 919 4036 legitimum
947 3983 1009 4024 esse
1035 3981 1105 4036 opus
1128 3979 1312 4024 consuerunt.

305 4031 484 4164 golgus-pff
506 4039 656 4100 Augustini
672 4038 703 4089 n.
718 4038 794 4094 xvi.
813 4037 1032 4102 (edibvcnet'ae
1050 4041 1168 4099 tertiae)
1189 4037 1312 4094 brachi.

142 4172 161 4203 ⁰
218 4192 281 4261 m)
302 4199 341 4249 lis
361 4201 468 4254 rollone
487 4205 637 4268 contigisse
657 4209 788 4272 videtur,
807 4211 837 4258 ni
853 4209 998 4260 Ambrosii
1016 4209 1161 4273 liutperti,
1181 4210 1311 4260 manselli

305 4271 478 4324 nenedictiui
495 4273 605 4326 moenio
620 4279 718 4326 οιιιιιιι
741 4281 885 4340 umento,
910 4281 1010 4332 burno
1037 4279 1072 4332 de
1095 4275 1311 4342 fontanenses
