2886 4660
1179 313 1220 376 ab

111 468 224 557 fugiat.
261 460 315 548 ⁸)
382 467 502 554 Neque
534 473 646 534 tomen
681 467 813 534 Patrum
853 487 1048 553 graecorum
1087 475 1220 542 versio-a

111 569 168 618 nes
197 551 329 616 latinae
359 553 490 616 omniuo
515 559 593 617 sunl
614 551 894 629 contemnendae,
919 553 982 619 imo
1002 557 1114 655 potius
1140 559 1219 628 illae

112 635 192 700 band
217 635 420 700 mediocrem
443 641 617 721 praestant
638 655 749 714 usum,
772 638 827 702 ubi
849 637 977 705 scilicet
998 661 1031 705 ιιι
1056 642 1138 708 locis
1160 645 1219 711 du·

112 721 170 786 biis
180 720 233 785 rel
243 720 636 797 obscurisconsnluntur,
648 721 1164 806 nosqueearumdcmtestimouio
1176 730 1219 798 do

111 813 218 869 textos
241 803 425 889 originalis
446 803 532 880 tide,
555 805 749 892 integritate
772 823 811 870 ae
831 824 934 882 sensu
957 811 1117 878 certiores
1140 813 1227 879 red·-

112 887 222 951 climnr.
265 887 387 953 Media
408 887 511 976 igitur
533 888 585 954 bio
609 893 664 953 viu
687 897 850 964 teneatur,
872 907 915 956 ne
936 893 1067 959 scilicet
1088 899 1219 964 versio-

114 973 207 1036 nibus
235 973 334 1036 nimis
370 971 511 1038 fidamus
532 972 695 1059 uniceque
717 973 965 1056 inhaereamus,
993 984 1085 1043 textu
1113 983 1217 1070 origi·

116 1056 182 1119 nali
203 1057 385 1143 neglecto,
408 1073 496 1122 neve
527 1055 818 1143 interpretationes
852 1059 981 1125 omnino
1011 1081 1219 1148 spernamus.

192 1167 226 1239 b)
251 1169 409 1252 liugane
429 1189 529 1246 porro
552 1169 677 1230 latinae
705 1169 895 1254 cognitione
923 1170 1107 1242 instructus
1141 1195 1220 1245 esse

113 1250 218 1329 debet,
241 1251 297 1338 qni
319 1251 368 1316 ad
393 1249 462 1317 88.
484 1251 618 1317 Patrnm
640 1252 813 1318 lectionem
835 1254 977 1321 accedit.
999 1257 1136 1345 Lingua
1159 1281 1220 1329 ve-

114 1354 147 1398 ro
165 1336 271 1400 latina
292 1354 340 1401 eo
364 1341 523 1421 tempore,
546 1354 610 1420 quo
633 1333 756 1400 Christi
778 1335 1021 1424 religioorbem
1033 1343 1218 1412 Romanum

114 1421 298 1503 occupavit,
316 1421 393 1502 jnm
415 1419 448 1484 in
470 1437 623 1486 occasum
646 1437 792 1507 vergere
813 1423 943 1506 coepit,
965 1431 999 1489 et
1021 1443 1092 1493 cum
1116 1428 1218 1497 latino

115 1521 260 1570 sermone
280 1505 394 1589 prima
416 1505 705 1570 conscriberentur
725 1507 759 1572 in
782 1503 936 1573 Ecclesia
951 1505 1073 1576 Christi
1094 1507 1218 1601 Opera,

116 1587 379 1654 saecoloaltero
402 1587 562 1654 adfinem
585 1596 768 1675 vergente,
797 1591 931 1658 multum
953 1593 1022 1674 jam
1055 1614 1077 1660 a
1104 1600 1220 1665 nativa

117 1673 251 1754 puritate
273 1681 309 1739 ct
336 1673 510 1760 elegantia
533 1671 716 1738 deiecerat.
768 1671 915 1752 Primus,
938 1677 992 1762 qni
1013 1676 1076 1746 bno
1104 1681 1220 1770 lingua

116 1775 191 1820 usus
212 1763 264 1822 est
284 1756 335 1823 ad
357 1775 413 1822 res
437 1755 611 1842 religionis
623 1756 828 1823 christianae
844 1761 1099 1842 pertractandas
1113 1772 1147 1831 et
1157 1785 1220 1831 cx-

117 1841 293 1923 ponendas,
317 1840 384 1906 fuit
405 1840 532 1906 Rhetor
553 1841 792 1918 Tertullianum,
814 1843 865 1906 cui
886 1843 935 1909 sic
958 1843 1049 1910 dicta
1070 1843 1222 1913 latinum

118 1926 333 1990 ecclesiastica
354 1924 518 2010 originem
549 1924 667 2008 debet3
699 1925 784 1992 baec
811 1943 895 2012 ergo
924 1928 1059 2006 primum
1087 1933 1222 2000 exculta

117 2009 218 2073 estin
244 2009 375 2088 Atrion,
398 2015 433 2074 at
454 2026 565 2088 sermo
586 2009 765 2076 Africanus
787 2012 972 2097 generatim
995 2011 1095 2080 babet
1116 2017 1221 2100 pluri-

117 2111 196 2159 mum
217 2093 363 2179 impetus
385 2101 419 2159 et
440 2090 690 2175 vehementiae,
712 2094 802 2160 illius
825 2096 968 2160 nationis
989 2098 1125 2185 ingenio
1159 2121 1221 2187 pe-

118 2176 264 2257 culiaris,
293 2176 385 2244 unde
406 2196 562 2261 asperum
585 2183 620 2243 ct
640 2177 816 2277 inaequale
845 2178 977 2246 dicendi
998 2201 1108 2268 genus
1140 2187 1220 2254 fluit.

117 2259 296 2328 Praeterea
317 2261 502 2346 complores
524 2279 657 2341 eorum,
688 2282 743 2346 qur
764 2263 827 2329 bac
850 2263 1020 2352 linguatu
1042 2271 1220 2337 scribendo

120 2344 169 2409 nsi
190 2352 285 2426 sunt,
314 2346 348 2412 in
370 2346 487 2430 quibus
510 2345 653 2411 eminent
675 2345 900 2412 Tertullianus
926 2354 961 2413 et
995 2347 1033 2414 8.
1061 2353 1221 2435 Hilarius,

120 2447 265 2574 {caecae
286 2429 423 2515 linguae
447 2431 670 2514 proprietates
685 2432 819 2496 multum
834 2432 954 2496 imitari
965 2433 1156 2502 studebant.
1168 2441 1222 2517 aa)

156 2511 265 2577 coedit
286 2513 351 2578 alia
370 2533 472 2580 causa
493 2513 526 2578 in
551 2514 717 2600 frequenti
738 2521 773 2580 et
794 2514 986 2598 quotidiano
1008 2535 1070 2582 usu
1092 2520 1223 2585 versio-

125 2595 179 2659 nis
200 2596 326 2662 latinue
346 2594 382 2662 S.
409 2595 605 2682 Scripturas
628 2598 735 2664 minus
758 2598 872 2681 utique
896 2615 996 2681 purae
1018 2606 1052 2663 et
1078 2601 1224 2690 elegan-

122 2678 179 2758 tis,
199 2680 252 2745 cni
272 2682 393 2746 sensim
414 2683 463 2747 ita
484 2690 708 2748 assurevcrunt
729 2679 847 2747 Sancti
871 2681 1001 2762 Patres,
1022 2689 1058 2748 ut
1069 2686 1141 2768 ejus
1160 2705 1222 2753 vo-

123 2765 180 2828 ces
202 2770 236 2828 et
257 2765 409 2849 phrases,
442 2767 512 2832 illis
534 2767 634 2833 etiam
656 2765 906 2854 ignorantibus,
942 2765 976 2832 in
999 2769 1160 2836 calamum
1188 2779 1223 2838 et

172 3085 202 3148 η
220 3090 561 3220 ffiffifffifflo
577 3104 703 3227 {23³5ss
718 3083 1225 3229 ppuppppppaioqbppppppplhodltllorppupp

221 3233 272 3281 net
296 3236 453 3284 incarnato.
495 3237 575 3284 nuno
599 3238 627 3285 tn
652 3234 731 3284 finem
756 3237 871 3296 egregie
896 3238 1033 3286 tuserotet
1055 3237 1087 3286 c.
1114 3242 1223 3289 sutcert

221 3301 380 3354 Thesaurus
397 3305 607 3355 ecclesiasticus
625 3315 641 3352 e
661 3304 788 3354 Patribus
805 3305 925 3365 graecis.
970 3308 1122 3356 amstelod.
1145 3307 1222 3358 roba.

224 3377 501 3424 anonomaston.
522 3377 591 3424 ratu.
611 3372 690 3426 1⁷28.
716 3379 745 3423 at
761 3374 886 3436 'l'rsjectt
904 3375 939 3422 ad
966 3374 1056 3423 liban.
1087 3373 1165 3427 1716.
1197 3380 1222 3427 11

223 3443 301 3492 bont
319 3445 372 3494 tol·
408 3443 493 3494 Gnate
511 3449 604 3494 tamen
624 3445 688 3494 blno
705 3445 788 3500 inde,
815 3446 909 3504 utpote
935 3443 1144 3505 lieterorloxus,
1171 3449 1223 3494 art.

221 3513 359 3566 bibendus
377 3517 431 3564 est.
466 3515 558 3579 Quoad
578 3526 655 3564 usum
674 3514 802 3576 loqueodl
819 3515 940 3574 stagnus
955 3514 1083 3564 Patribus
1101 3517 1225 3577 peculia-

221 3593 279 3632 rem
297 3595 467 3646 summopere
483 3583 953 3636 conmonuanuamutononmuca
967 3585 1128 3646 quibusnam
1141 3599 1225 3649 grae-

223 3655 266 3702 cis
285 3654 412 3705 ratribus
430 3659 458 3705 ln
478 3659 603 3707 edtttone
628 3655 866 3715 praestantissuma
890 3651 1040 3716 subjuncta
1063 3667 1108 3706 ex.
1126 3670 1170 3721 gr.
1195 3661 1224 3709 ln

222 3724 345 3773 eultlone
364 3726 434 3787 opp.
453 3727 484 3775 8.
504 3727 658 3780 Athanasii,
677 3735 756 3786 qnam
774 3726 923 3773 adornavit
941 3727 972 3774 a.
988 3727 1176 3788 Munttnucuu,
1195 3732 1225 3778 tu

222 3792 279 3842 bns
295 3793 371 3843 'l’omt
391 3797 429 3844 11.
449 3798 568 3852 (Putavit
589 3793 666 3846 1777.
685 3796 763 3842 bom.
782 3795 819 3845 11.
841 3806 867 3853 p.
885 3791 949 3846 695.
967 3795 1079 3860 seqq-l,
1103 3801 1168 3848 ttem
1195 3802 1224 3849 tn

222 3865 293 3912 enit.
311 3863 382 3926 opp.
400 3867 431 3915 8.
448 3867 565 3916 Joaoots
583 3866 787 3928 Gbrysostoml,
806 3875 886 3926 quam
906 3866 978 3914 luem
996 3869 1027 3915 lt.
1048 3869 1225 3918 montfaucon

222 3937 378 3991 assumti,
397 3937 426 3985 ln
444 3935 499 3986 bne
517 3939 549 3986 ¹1¹.
569 3937 646 3986 xlll.
664 3937 724 3986 ted·
743 3936 832 3984 Parta.
849 3933 927 3985 1738.
947 3937 1070 3987 111111.
1091 3951 1118 3999 p,
1137 3937 1224 3988 293-

222 3999 300 4058 aa).
336 4003 426 4054 littam
452 4010 481 4056 tn
506 4009 631 4056 cultione
657 4005 777 4068 Operum
804 4007 835 4054 s.
864 4008 975 4056 trenaet
1001 4008 1061 4067 (au.
1087 4007 1226 4060 Massuctl

224 4069 360 4135 ejusmoni
384 4077 472 4126 ludex
498 4077 683 4127 dltbeiliorum
717 4087 812 4125 vocum
837 4087 1000 4138 graecarum
1026 4081 1055 4126 et
1080 4077 1226 4127 latinorum

226 4139 357 4206 sujecta·
375 4149 430 4194 est.
552 4149 556 4154 '

159 4228 199 4296 ”l
215 4239 246 4290 Β.
265 4240 428 4304 nterouynr
446 4253 492 4306 ep.
511 4241 556 4293 58.
577 4255 607 4293 ιι.
628 4241 672 4292 10.
