2944 4652
252 297 315 362 mr
449 311 454 321 ,

335 459 501 548 Singulas
523 460 608 528 istas
629 457 781 528 Eunomii
803 458 1008 526 assertiones
1030 455 1082 524 sin
1135 457 1227 528 latim
1258 461 1367 529 retel-

250 545 291 611 ltt
310 545 475 623 Basilius,
509 543 792 644 contradictiones
824 544 857 641 iu
880 545 966 629 ipsis
988 542 1078 640 laten
1095 561 1134 610 es
1156 544 1367 642 manifestat,

249 628 1367 865 {attilii‘laetititiae,tettthtttl'ttl‘h

283 801 509 902 eumnt'atrera
522 802 565 898 ‘et
585 795 709 864 Fittmn
730 795 1196 946 designandumipsamssue
1224 815 1363 895 rocem:

251 882 422 967 Ingenuus
443 883 599 971 ambiguo
621 899 725 948 seusu
745 881 916 951 adhibeat
956 879 1099 946 anum
1121 901 1131 946 ι
1161 879 1203 946 ud
1226 901 1365 982 rmpug-

250 973 330 1044 nat,
365 967 431 1030 Dei
457 966 666 1032 substantiam
688 969 724 1026 r'rr
745 970 898 1031 scritura
921 986 1004 1041 erae,
1027 965 1174 1050 quudrtt
1196 967 1365 1050 irrgerratna
1439 1019 1440 1024 ,

251 1048 309 1138 [n.
333 1047 485 1138 5-ltl.].
535 1049 644 1139 lgitur
670 1049 818 1116 ostendit
845 1055 912 1115 tum
943 1066 985 1114 ex
1019 1049 1180 1115 commoni
1202 1048 1363 1134 loquendi

249 1153 328 1212 usu,
358 1141 426 1202 tum
460 1154 504 1201 ex
532 1133 773 1202 consnetudtoe
790 1133 833 1204 S.
855 1132 1072 1218 Scripturas,
1099 1133 1186 1218 quod
1216 1131 1364 1200 humana

249 1219 422 1305 cogitandi
444 1219 572 1286 ratione
593 1235 702 1283 rerum
726 1219 878 1286 essentia
904 1214 1009 1284 variis
1031 1235 1075 1284 ex
1099 1217 1248 1314 partibus
1269 1235 1363 1284 eom·

248 1302 490 1386 prehendatur,
525 1311 559 1370 et
578 1307 823 1388 consequenter
849 1301 955 1369 variis
985 1300 1171 1368 uominrhus
1194 1301 1362 1388 designe-

249 1392 321 1471 tur3
344 1386 444 1470 idque
465 1393 559 1453 recte
581 1385 832 1454 omnicoetum
854 1387 888 1453 iu
904 1385 976 1454 Deo
998 1384 1070 1452 lieri
1092 1385 1228 1472 probat-3
1244 1383 1360 1452 horum

248 1486 329 1535 vero
351 1470 500 1537 omnium*
515 1470 679 1537 nominum
699 1469 818 1538 eadem
841 1469 1036 1537 necessarie
1055 1476 1111 1536 est
1138 1470 1223 1536 ratio
1252 1470 1312 1560 (u.
1340 1475 1359 1538 b

248 1549 360 1643 -t.].
383 1593 425 1608 -
483 1553 653 1652 Deinceps
678 1563 891 1635 ostensurus,
925 1552 1117 1621 catholicos
1140 1552 1172 1620 iu
1196 1554 1270 1622 ileo
1292 1573 1357 1622 uou

248 1637 349 1704 talem
383 1639 537 1726 cogitare
570 1638 806 1726 procationem,
843 1657 929 1725 quae
958 1657 1030 1704 euru
1064 1637 1180 1704 habitu
1216 1637 1359 1723 quodam

245 1721 348 1806 priori
369 1733 483 1802 exuat,
506 1724 545 1787 de
564 1731 685 1788 nutura
707 1724 865 1788 aoairruar
880 1724 945 1787 tter·
965 1721 1116 1802 disserit,
1135 1741 1272 1808 quorum
1294 1722 1359 1792 duo

249 1805 428 1896 distinguit
448 1825 587 1897 genera,
610 1807 676 1874 alia
697 1805 914 1892 affirmativa,
936 1813 972 1873 ut
994 1807 1261 1883 bouus,sauctus
1274 1816 1360 1888 etc,

244 1891 317 1956 alia
336 1896 501 1975 negativo,
522 1898 559 1958 ut
578 1891 761 1980 ingenitus,
783 1891 987 1972 immortalia,
1008 1891 1200 1968 invisibilis,
1221 1911 1358 1976 quorun

246 1974 385 2062 singula
406 1978 629 2060 proprietates
650 1976 813 2057 quasdam
836 1974 970 2041 divinas
993 1975 1089 2042 uobis
1111 1974 1291 2053 exhibent,
1314 1996 1356 2043 ex

247 2059 399 2125 omuibus
420 2077 501 2125 vero
524 2059 621 2126 simul
643 2060 761 2126 sumtis
782 2060 898 2145 „velut
926 2060 1057 2146 puidam
1080 2059 1145 2126 Dei
1172 2059 1357 2142 character,

245 2144 390 2207 obscura
417 2142 550 2228 quidem
577 2148 613 2210 et
639 2161 796 2229 perquam
825 2144 881 2209 exi
910 2161 971 2221 ua,
1009 2151 1155 2211 attamen
1183 2142 1357 2213 suiticleua

244 2225 470 2314 intelligentia
492 2227 588 2294 nobis
609 2226 835 2311 imprimitur.“
878 2163 978 2294 iture
1000 2229 1115 2296 merito
1137 2227 1238 2293 iulert
1252 2229 1357 2296 Basi-

169 2379 171 2384 ,
244 2308 331 2390 lius,
353 2327 438 2376 voce
464 2311 608 2397 ingeniti
627 2313 850 2380 substantiam
873 2310 937 2378 [lei
959 2312 1144 2402 significari
1165 2331 1230 2378 nou
1254 2333 1358 2399 posse

244 2387 303 2482 [u.
328 2389 501 2482 10-11.).
557 2396 645 2462 ilinc
666 2396 794 2464 Basilio
821 2402 901 2463 natu
928 2404 983 2466 est
1000 2398 1135 2464 occasio
1156 2414 1278 2463 severe
1301 2399 1357 2465 in-

245 2477 408 2565 crepandi
422 2481 661 2564 arrogantiam,
683 2499 723 2548 ac
739 2483 958 2549 temeritatem
967 2481 1128 2558 lluuumit,
1149 2482 1205 2566 qui
1226 2482 1357 2550 antiret

238 2563 404 2647 lactabat,
424 2583 465 2631 se
487 2566 593 2651 ipsam
609 2563 673 2632 Dei
693 2567 913 2634 substantiam
936 2565 1154 2633 adinvenisse
1170 2559 1355 2654 [vidsup.

242 2667 276 2732 p·
307 2647 424 2738 timp
456 2649 604 2716 Basilius
630 2669 650 2716 e
678 2653 843 2717 contrario
871 2650 1094 2731 demonstrat,
1131 2651 1355 2719 substantiam

242 2749 306 2797 seu
339 2733 519 2801 essentiam
541 2733 607 2800 Dei
637 2734 679 2800 ab
706 2733 849 2802 humana
870 2741 1008 2806 natura.
1038 2735 1102 2800 imo
1124 2737 1312 2823 generatim
1334 2755 1357 2801 s

243 2821 363 2882 natura
385 2823 500 2883 creata
522 2816 667 2905 intelligi
689 2824 723 2884 et
744 2819 909 2906 explicari
932 2820 1023 2886 uullo
1043 2819 1141 2886 modo
1169 2837 1272 2906 posse
1294 2816 1355 2910 [u.

243 2895 423 2986 re-rr.];
444 2918 487 2968 ac
508 2902 685 2988 perspicue
707 2901 816 2980 ducet,
841 2903 987 2988 lugeretis·
1007 2923 1092 2971 voce
1113 2905 1275 2992 originem
1290 2923 1357 2972 seu

242 2979 391 3059 modurn,
419 2999 483 3068 quo
505 2987 579 3067 quis
601 2985 780 3064 subsistat,
807 3003 873 3051 nou
901 2988 1007 3073 ipsius
1037 2994 1188 3055 naturam
1210 3007 1272 3055 seu
1295 3009 1359 3056 es-

242 3066 386 3132 sentiam
408 3067 549 3134 iudioari
572 3070 629 3155 tu.
654 3064 826 3219 ld-ltl.1).
849 3106 891 3118 -
920 3072 1005 3140 lude
1049 3087 1175 3162 ergeus
1196 3073 1238 3161 ad
1262 3074 1359 3140 alte-

240 3166 311 3216 ram
333 3148 485 3220 Eunomii
507 3153 747 3222 assentaneus:
797 3156 961 3240 ngerritura
1046 3179 1124 3242 gere
1144 3177 1260 3220 oarrrrar
1283 3181 1359 3222 coar

238 3237 349 3318 genito
375 3239 647 3321 comparationem
680 3249 710 3303 et
739 3241 1052 3304 coaranrmr'cntt'orrera
1086 3258 1159 3308 eam
1190 3240 1357 3310 falsitatis
1442 3269 1443 3294 l

240 3336 345 3387 exeo
369 3322 553 3402 convlucit,
590 3323 676 3409 qrrod
700 3321 739 3390 S.
762 3323 958 3407 Scripturas
989 3324 1147 3392 divinitus
1177 3325 1357 3394 revelatae
1442 3349 1443 3368 ι

238 3410 357 3487 aperte
379 3407 587 3474 contradicat
608 3405 665 3498 [n.
692 3405 862 3500 lb-18.].
907 3409 991 3476 Tum
1015 3408 1164 3476 Basilius
1186 3409 1361 3490 declarat,
1442 3409 1443 3420 ’

238 3490 400 3572 quomodo
422 3489 605 3559 orthodoxo
627 3510 731 3559 seusu
748 3493 918 3558 comitate
931 3493 1112 3558 substantia
1126 3493 1362 3578 intelligenda

236 3571 293 3652 sit,
314 3582 350 3640 ut
371 3594 453 3642 vera
475 3573 539 3643 Dei
560 3577 650 3643 notio
672 3577 752 3643 iude
773 3597 818 3645 ue
837 3577 999 3645 minimum
1021 3577 1152 3662 quidem
1175 3577 1361 3660 laedatur,

237 3670 278 3718 ac
298 3661 451 3739 temporie
472 3661 607 3726 notione
628 3680 649 3727 a
671 3661 745 3727 ileo
773 3663 928 3742 seclusa,
957 3661 1129 3729 contendit
1160 3661 1362 3729 distinctiu-

237 3753 312 3803 uem
336 3739 446 3807 l'atris
467 3751 503 3808 et
524 3743 599 3810 Filii
621 3745 654 3810 in
678 3745 790 3807 ordine
820 3764 923 3825 essee
958 3746 1020 3812 sed
1049 3746 1198 3815 ordinem
1229 3767 1360 3814 rursus

237 3817 419 3909 distinguit
442 3825 625 3914 duplicem:
653 3830 835 3892 rrururaten
857 3835 892 3896 et
913 3830 1126 3909 artificiorum
1149 3831 1201 3911 *);
1228 3837 1263 3898 el
1287 3831 1364 3900 hoc

288 4116 317 4185 ἰ)
336 4122 410 4174 ordo
428 4124 572 4177 aotnrclia
590 4127 640 4179 lllc
659 4129 720 4192 sat,
747 4133 793 4194 qul
813 4131 877 4183 Eutt
896 4134 1004 4183 ouldanr
1022 4133 1051 4180 vl
1072 4125 1190 4182 caturae
1208 4141 1276 4181 suas
1301 4133 1360 4186 lu·
1442 4163 1443 4166 =

340 4197 398 4253 eat,
415 4207 465 4247 ssu
485 4207 565 4259 que·
585 4198 658 4249 Deus
675 4211 768 4251 rerum
786 4205 906 4252 ornuluru
924 4205 1053 4254 coudltor
1071 4205 1139 4265 lpsta
1158 4201 1242 4254 robus
1261 4213 1362 4255 οω-

340 4268 377 4316 tls
396 4267 511 4332 ludldlt3
533 4269 601 4320 ordo
619 4266 797 4334 artificiosus
815 4275 871 4337 est,
891 4285 971 4337 quern
990 4273 1122 4326 ordluaus
1139 4275 1241 4338 aliquia
1260 4285 1365 4336 prac-
