2886 4660
174 325 237 392 138

171 489 283 579 Opera
305 493 492 580 generatim
514 492 664 558 omnibus
687 491 788 560 ualde
809 490 1088 571 conmanducata,
1110 508 1198 577 quae
1228 491 1283 557 uel

171 597 300 645 amnem
322 578 401 644 fidei
422 577 624 645 christianae
645 575 828 641 doctrinam
858 575 951 641 breui
980 575 1172 662 plerumque
1200 593 1285 641 con-

172 670 293 746 spectu
315 661 492 739 exhibent,
515 661 569 728 uel
594 661 692 728 tacite
714 660 841 746 acquiri
864 666 1023 744 possunt,
1045 658 1100 724 uel
1122 659 1286 745 dogmata

170 746 333 832 quaedam
357 745 619 812 fundamentalia
640 742 749 810 solide
794 749 992 822 attractant,
1014 762 1069 808 eu.
1096 763 1149 830 gr.
1182 743 1284 809 l'rin-

171 831 288 914 cipium
313 830 536 904 Traditionis,
557 829 739 895 doctrinam
764 765 807 894 Xe
830 827 986 893 Ecclesia
1007 833 1072 892 etc.
1113 827 1188 893 Huc
1211 846 1286 914 per·

171 914 278 980 tinent
296 933 419 982 aureus
441 915 575 980 libellus
597 913 635 980 8.
659 912 825 979 vincentii
849 911 1049 987 Lirinensis,
1078 913 1132 996 qui
1161 912 1287 977 inseri-

172 998 275 1064 bitur:
298 999 584 1066 Commomitorium
606 997 773 1064 aduersus
796 995 972 1075 haereses,
994 1004 1030 1062 et
1055 995 1094 1062 8.
1123 993 1287 1080 Cypriani

171 1083 257 1149 liher
279 1084 322 1149 de
345 1084 472 1148 unitate
494 1082 687 1159 Ecclesiaea
711 1099 806 1166 porro
830 1079 892 1145 huc
914 1087 1070 1167 spectant
1097 1078 1135 1144 8.
1164 1079 1287 1164 Cyrilli

172 1167 466 1252 Hierosolymitani
488 1165 717 1242 Catecheses,
739 1183 826 1248 ortae
847 1170 950 1230 totum
972 1162 1167 1248 Symbolum
1192 1168 1285 1248 Apo-

170 1250 330 1317 stolorum
352 1259 507 1316 accurate
528 1257 714 1334 exponunt,
737 1248 776 1316 S.
802 1250 852 1314 Au
883 1249 982 1314 nstini
1005 1247 1216 1314 Euchiridion
1240 1247 1285 1314 de

173 1333 254 1411 tide,
274 1341 394 1420 spe‘et
415 1334 572 1411 caritate3
597 1333 635 1400 S.
660 1333 838 1418 Epiphauii
892 1333 1035 1417 xpositio
1057 1330 1153 1409 fidei,
1181 1339 1217 1397 et
1239 1331 1283 1398 8.

171 1416 329 1516 Gregorii
350 1419 499 1504 Nysseni
521 1417 615 1500 loyca
636 1433 840 1501 aocpxrprraor
862 1410 881 1481 ὅ
902 1431 1023 1498 papus,
1046 1419 1101 1502 orii
1125 1414 1283 1503 dogmata

172 1499 366 1568 Christiana
401 1523 444 1568 ex
478 1501 592 1568 ordine
621 1503 715 1568 modo
744 1503 853 1590 magis
883 1501 1091 1586 speculativo
1123 1503 1285 1586 proponit.

173 1582 268 1667 Ouiae
289 1587 397 1652 omnia
420 1583 546 1672 Opera,
570 1587 680 1652 ultimo
702 1586 818 1651 forsan
839 1593 993 1672 excepto,
1016 1604 1131 1650 omnes
1153 1585 1286 1670 alisque

172 1673 275 1737 multo
296 1673 453 1755 temporis
475 1669 650 1756 dispendio
672 1679 708 1736 et
728 1671 857 1756 ubsque
887 1670 986 1737 multo
1014 1669 1124 1735 studio
1157 1687 1284 1758 magno

174 1773 248 1821 cum
270 1756 381 1821 fructu
402 1756 521 1844 legere
543 1761 693 1840 possunt-

261 1840 337 1906 Alia
361 1857 456 1926 porro
479 1834 590 1925 Opera
613 1839 713 1905 multa
735 1846 814 1905 stunt
836 1836 904 1906 88.
928 1838 1063 1904 Petrum
1081 1835 1287 1924 dogmatica,

175 1941 261 2008 quae
280 1932 359 1990 tnnc
381 1923 510 1990 demum
534 1925 695 1990 euoluere
732 1921 918 1988 consultum
949 1928 1022 1998 est,
1050 1921 1105 1986 uhi
1135 1921 1211 2006 quis
1240 1921 1285 1988 de

172 2007 946 2188 tttttltzlttttllttdltatllitttltt
963 2006 1288 2176 atalanta

173 2191 231 2270 pro
254 2175 397 2240 ueritate
419 2175 594 2324 relrpionis
612 2174 826 2242 Christianae
847 2182 948 2262 atque
964 2173 1159 2241 Catholicae
1180 2175 1287 2240 multa

176 2257 391 2323 inueniuntur
419 2276 482 2344 apa
535 2259 744 2348 Apologetas
775 2262 914 2326 alterius
941 2277 1042 2326 aerae
1070 2257 1286 2325 Christianae

171 2341 302 2407 saeculi
324 2337 383 2432 [u.
405 2323 442 2419 S.
465 2335 543 2424 89.)
566 2349 601 2410 et
623 2345 842 2430 posteriorum
871 2342 1097 2418 saeculorum,
1130 2349 1166 2408 ut
1194 2341 1282 2425 apud

173 2425 431 2504 Tertullianum,
458 2425 497 2494 8.
521 2427 741 2514 Cypriorum,
772 2425 969 2518 Origenem‚
996 2425 1035 2494 8.
1068 2425 1287 2494 Athanasium

172 2515 288 2578 contra
308 2509 438 2578 Gentes
460 2520 495 2578 et
517 2513 561 2579 de
583 2513 826 2591 lucarnatione,
849 2533 944 2600 porro
967 2511 1055 2598 apud
1079 2510 1117 2577 S.
1133 2509 1286 2596 Chryso-

175 2601 315 2662 stomun
347 2595 433 2662 lihro
465 2597 499 2662 in
530 2597 568 2664 8.
592 2597 758 2682 Bahylam
787 2605 821 2664 ct
851 2605 967 2664 contra
988 2596 1173 2678 Gentilesr
1195 2617 1215 2660 a
1241 2595 1287 2662 ud

173 2677 212 2746 8.
237 2680 457 2764 Augustinum
479 2680 523 2747 de
540 2681 686 2749 Ciuitate
700 2682 762 2747 Oei
784 2690 819 2748 et
839 2683 873 2748 in
895 2678 1063 2765 Operibus
1085 2681 1202 2766 quihus
1228 2699 1285 2745 am

172 2770 289 2830 contra
311 2763 528 2832 Manichacus
561 2774 596 2833 et
631 2765 717 2850 apud
748 2765 787 2832 S.
824 2765 983 2850 Cyrillnm
1021 2763 1283 2832 Alexandrinum

173 2855 290 2914 contra
310 2849 480 2915 ,lulianum
501 2848 758 2932 Imperatorem,
786 2850 865 2917 item
894 2850 1055 2934 ejusmodi
1084 2855 1287 2934 argumenta

177 2931 327 2998 inuenire
349 2933 429 2999 licet
449 2933 482 2997 in
506 2929 671 3019 Operibus
693 2933 761 3001 88.
787 2933 1211 3001 l’atrumcontradndaeos
1228 2951 1285 2999 ex.

173 3035 225 3104 gr.
248 3016 338 3100 apud
360 3015 399 3082 8.
420 3017 603 3094 Justinunr,
624 3017 837 3104 Cyprianum,
865 3019 1137 3104 Chrysostomum
1158 3026 1194 3084 et
1217 3018 1286 3082 Au·

174 3101 354 3185 guaslinum.
398 3099 462 3180 Oui
484 3101 676 3187 mysterium
701 3109 764 3172 88.
783 3103 972 3185 Trim'totr'r,
992 3109 1189 3192 argumenta
1211 3120 1287 3168 om-

173 3183 638 3354 illnlllmffillssssiihfflfi
657 3184 876 3339 attalia
890 3179 1290 3356 ,ltdlatltltttlt

173 3371 274 3419 nosse
296 3349 640 3430 desiderat,diuturno
663 3356 800 3421 assiduo
826 3374 877 3435 ue,
898 3375 961 3422 nec
983 3357 1051 3422 leui
1072 3355 1189 3421 labore
1211 3373 1286 3440 per-

174 3436 297 3520 pendat
319 3433 348 3502 O
373 3457 431 3505 era
452 3437 520 3506 88.
545 3439 722 3506 Athanasii
741 3447 776 3507 et
832 3441 928 3520 ilarii,
952 3439 1110 3526 Gregorii
1131 3439 1288 3505 Nazian-

174 3521 253 3587 aeui
275 3530 310 3588 et
365 3526 492 3608 ysseni,
517 3524 633 3590 Basilii
653 3532 687 3591 et
708 3524 825 3610 Cyrilli
849 3523 1078 3600 Alexandrini,
1106 3524 1287 3612 Augustini

173 3615 208 3672 et
231 3606 412 3694 Fulgentii.
434 3609 468 3688 *l
491 3608 543 3675 De
568 3611 740 3674 Crrotr‘oue
761 3616 894 3696 praeter
918 3609 1137 3698 Apologetas,
1159 3608 1215 3695 qui
1237 3607 1288 3676 fe·

183 3793 392 3808 Ἢ

279 3921 468 3980 commttterc,
495 3924 534 3970 lta
559 3925 651 3971 tamen
671 3923 701 3970 ut
720 3921 833 3984 regulae
852 3925 985 3986 quaedam
1003 3925 1154 3988 generales
1173 3923 1289 3974 minime

280 3987 474 4052 negligantur,
493 3996 523 4040 ut
541 3994 608 4053 puta
625 4003 642 4041 a
662 3991 834 4044 tacttiorilrus
852 3994 1011 4046 luctandum
1029 4007 1092 4045 esse
1111 3996 1232 4044 initium.

226 4082 258 4146 *l
276 4087 336 4138 Neo
354 4091 462 4138 autmus
480 4099 533 4138 nec
552 4090 628 4139 locus
647 4090 693 4139 tric
710 4095 768 4150 est,
794 4093 906 4154 singula
923 4094 972 4140 ss.
992 4093 1102 4142 Petrum
1122 4092 1214 4152 opera
1233 4093 1289 4140 huc

280 4159 466 4220 pertinentia,
490 4163 586 4221 paucts
611 4160 682 4211 torte
707 4164 851 4224 exeeptis,
876 4173 1057 4222 enumerare,
1081 4163 1129 4211 uat
1147 4163 1288 4211 edtttonca

280 4229 407 4293 singulas
424 4232 564 4295 allegarea
591 4236 721 4294 quantum
740 4233 775 4282 ad
795 4232 863 4282 haec
881 4231 1014 4282 lectorem
1032 4235 1143 4283 remitto
1162 4235 1197 4283 ad
1216 4231 1289 4280 l’ar-

279 4303 335 4350 tem
351 4303 504 4364 spectatam
521 4297 603 4366 hujus
621 4302 739 4366 operm,
759 4302 807 4354 utut
826 4307 973 4366 utrumqne
991 4305 1161 4367 praestatur.
