2948 4662
193 447 404 514 (lirrisiianns
440 445 551 512 lactus
585 449 616 524 *i
649 445 760 512 statim
797 444 1018 512 continentiae
1052 461 1090 510 sc
1122 445 1205 533 lega
1239 444 1301 512 ob-

194 531 329 598 strinxit
351 539 451 615 atrpre
472 549 600 596 omnem
623 531 845 596 substantiam
874 549 969 596 suam
997 530 1196 614 pauperibus
1224 550 1302 595 ero·

193 618 307 706 garit3
330 615 393 683 imo
416 617 601 700 generatim
625 613 783 699 ‹priduuid
797 614 980 764 ι1000001000
1003 614 1124 680 iactam
1147 611 1303 700 Scriptu-

122 723 124 733 ·
193 720 251 767 rae
273 700 471 797 auctoritate
493 701 736 823 eompaobatom
760 700 794 762 ri
820 698 844 763 it
866 697 1103 794 etnlaudatum
1119 699 1303 765 imitatione

194 788 674 964 iii‘illailli'flalllul.
687 783 1304 964 siti.tricliniaria?

192 952 320 1019 toribus
342 951 584 1017 ecciesiasticis
606 949 821 1027 evolvendis,
854 956 940 1017 rotor
962 970 1045 1036 quos
1065 949 1304 1016 Tertullianum

194 1038 338 1104 maxime
359 1037 392 1099 in
417 1035 546 1101 deliciis
568 1033 684 1100 babuit
699 1037 777 1111 W),
800 1035 908 1120 iisque
931 1034 1082 1100 omnibus
1103 1034 1306 1102 meditandis

193 1129 228 1190 et
250 1119 464 1208 colligendis,
486 1139 572 1206 qnae
598 1131 715 1204 postea
738 1120 770 1183 iu
794 1119 867 1184 luce
888 1125 923 1183 et
944 1119 1051 1185 oculis
1073 1120 1174 1184 totius
1187 1119 1306 1187 Eccle-

194 1207 268 1272 siae
290 1204 481 1288 depromsit.
536 1203 587 1268 bb
615 1205 756 1269 eximios
785 1204 818 1267 in
848 1202 973 1269 virtute
1024 1223 1205 1290 rogressos
1238 1223 1304 1270 oon

193 1290 295 1356 multo
325 1295 402 1374 post
432 1286 626 1374 baptismum
658 1289 689 1352 in
720 1289 951 1384 presbyterum
979 1224 1108 1353 electus
1142 1294 1176 1353 et
1206 1289 1305 1372 paulo

196 1380 271 1460 post
295 1391 380 1437 anno
403 1372 477 1438 248.
498 1373 553 1438 vel
585 1375 658 1437 249.
687 1380 812 1437 mortuo
848 1372 1014 1458 Episcopo
1042 1371 1305 1459 Carthaginensi

197 1459 357 1526 communi
379 1458 480 1522 tutius
504 1457 614 1543 populi
638 1465 671 1521 et
691 1456 772 1520 cleri
800 1457 961 1544 sutfragia
989 1455 1030 1520 ad
1061 1456 1159 1523 istam
1187 1457 1305 1524 sedem

194 1550 335 1608 arrectus
357 1550 410 1606 est
433 1541 517 1630 [ep.
543 1541 596 1606 40.
627 1561 657 1624 p.
688 1543 739 1604 aa.
770 1559 821 1625 ep.
853 1543 902 1604 55.
919 1547 959 1627 p.
988 1535 1100 1628 145).
1144 1537 1305 1621 Quamvis

195 1635 303 1692 autem
318 1627 539 1711 Episcopatus
562 1626 666 1689 inrito
690 1632 724 1690 et
746 1624 890 1713 fugienti
911 1625 1084 1709 impositos
1105 1623 1215 1702 tuerit,
1237 1645 1305 1692 nou

194 1713 371 1776 doluerunt
392 1719 520 1788 tamen,
554 1710 610 1794 qrri
639 1709 728 1774 illius
750 1709 922 1786 electioni,
952 1711 1043 1776 iacta
1079 1710 1306 1792 conjuratione

195 1795 461 1880 intercedercot3
492 1795 579 1860 inter
611 1793 673 1858 hos
699 1795 842 1879 quinque
876 1794 1080 1878 potissimum
1118 1795 1305 1878 presbyteri

196 1881 386 1946 eminebant
419 1878 556 1944 Exarsit
580 1878 687 1962 plebis
708 1876 898 1959 indignatio
918 1878 952 1942 iu
975 1878 1218 1944 obtrectatores
1239 1877 1307 1962 Cy·

195 1965 321 2051 puisaia
349 1982 462 2030 cerum
485 1962 543 2046 ille
565 1961 644 2027 nihii
670 1961 902 2044 praetermisit,
926 1970 960 2027 ut
976 1962 1187 2028 exulceratas
1209 1981 1306 2028 men·

194 2059 249 2114 tes
271 2048 313 2112 ad
336 2049 514 2112 sanitatem
536 2053 722 2122 revocaret,
744 2046 986 2130 ,amicissimos
1008 2065 1068 2112 cos
1084 2053 1119 2111 et
1139 2046 1227 2112 inter
1243 2065 1305 2111 oe-

195 2132 363 2196 cessarios
385 2138 578 2215 computans
601 2132 793 2196 mirantibus
816 2129 946 2196 multis“
966 2125 1088 2216 (l'oni.
1112 2147 1144 2194 n.
1168 2125 1234 2214 bl.
1259 2132 1306 2196 At

193 2217 336 2301 quinque
359 2214 407 2278 iiii
429 2215 616 2299 presbyteri
640 2221 835 2300 conceptum
857 2232 1023 2280 vencnum
1045 2214 1199 2282 medullis
1214 2214 1306 2281 alne·

194 2307 280 2374 root,
303 2300 381 2388 (ep.
404 2301 455 2363 40.
481 2318 511 2383 p.
535 2293 632 2387 92),
656 2299 743 2382 qood
767 2304 843 2380 post
873 2298 997 2385 aliquot
1023 2317 1129 2366 annos
1162 2299 1306 2368 condato

195 2383 378 2450 schismate
400 2382 563 2449 uiolenter
584 2386 704 2467 erupit.
747 2381 869 2448 Statim
892 2383 935 2448 ab
966 2383 1058 2450 initio
1081 2383 1307 2472 Episcopatus

172 2470 247 2538 -aui
270 2487 344 2534 cam
365 2467 431 2532 sibi
453 2467 565 2550 legem
586 2476 708 2554 sponte
730 2468 900 2554 praefixit,
933 2475 970 2533 ut
989 2467 1070 2534 nibil
1094 2471 1168 2534 sine
1195 2470 1306 2534 consi-

194 2554 240 2620 lio
262 2551 462 2638 presbyterii
484 2551 537 2617 sui
559 2557 593 2618 ct
623 2569 792 2619 consensu
830 2552 937 2636 plebis
972 2553 1104 2638 privato
1137 2554 1308 2620 sententis

223 2643 335 2704 areret
356 2639 435 2723 [ep.
458 2629 524 2723 5.).
568 2636 679 2703 Prima
700 2643 813 2704 autem
841 2638 945 2722 ipsios
974 2655 1055 2702 cura
1082 2636 1164 2716 tuit,
1192 2656 1309 2704 emen-

196 2659 322 2786 dationi
347 2740 468 2785 morum
519 2721 611 2808 regis
634 2721 698 2787 sibi
721 2721 885 2786 commissi
908 2721 1114 2798 incombere,
1144 2739 1186 2787 ac
1207 2722 1308 2810 leges

197 2803 394 2890 disciplinae
417 2803 478 2868 bau
527 2823 641 2890 parum
663 2805 835 2891 collapsae
857 2806 1043 2870 instaurare
1072 2804 1224 2890 omnique
1252 2807 1309 2870 vi-

197 2905 282 2977 gore
306 2891 390 2953 tueri
413 2893 467 2970 †i3
490 2906 555 2975 qua
575 2889 609 2953 in
631 2908 669 2955 re
691 2890 740 2955 ita
767 2908 839 2955 eum
867 2888 1050 2954 severitate
1073 2889 1184 2972 junxit
1211 2907 1307 2954 man·
1401 2951 1406 2960 .

196 2971 406 3037 suetudinem
429 2975 678 3052 eternitatem,
699 2983 757 3058 „ut
773 2978 867 3040 essct
888 2972 1076 3060 ambigere,
1098 2973 1208 3038 vereri
1231 2973 1307 3057 plus

196 3075 239 3122 an
262 3056 356 3145 diligi
380 3057 579 3121 mereretur‘
603 3058 722 3146 (Pont.
746 3078 779 3123 u.
802 3051 869 3144 6.).
911 3055 1035 3122 Verum
1057 3054 1096 3122 S.
1115 3055 1306 3143 Cyprianus

195 3142 229 3206 in
266 3159 350 3227 pace
373 3139 551 3207 Ecclesiae
580 3142 707 3206 electus
741 3161 838 3207 rrnum
872 3141 1003 3206 nonnisi
1032 3159 1152 3206 annom
1180 3143 1214 3206 in
1244 3141 1308 3208 hoc

197 3235 271 3290 tran
297 3225 376 3291 uilio
397 3244 504 3291 rerum
527 3233 616 3292 statu
640 3226 796 3291 traduxit.
841 3222 938 3291 Circa
966 3225 1094 3292 initium
1122 3227 1200 3292 anni
1232 3227 1306 3292 250.

196 3245 349 3377 suerint
383 3312 572 3396 persecutio
608 3308 704 3376 liecii
744 3309 966 3390 saevissima,
1009 3329 1105 3396 qoam
1147 3309 1309 3377 excitavit

207 3499 404 3514 m

249 3606 281 3666 t¹)
298 3610 330 3656 to
353 3611 471 3668 epistola
496 3611 519 3657 1.
545 3609 598 3669 (ad
626 3603 778 3667 Donatum)
804 3611 919 3672 egregie
942 3607 1077 3657 describit
1099 3607 1128 3656 S.
1148 3603 1307 3669 Cyprianus

301 3679 373 3795 {Zp-c
386 3689 478 3798 tellurem„
480 3684 696 3796 ί3010100000100000
717 3681 872 3741 cretamque
892 3680 993 3729 exindo
1011 3679 1055 3727 sut
1074 3679 1161 3739 ipsios
1180 3681 1308 3727 mutatio-

232 3835 283 3898 *l‘l
301 3845 330 3891 s.
344 3844 423 3894 Porri.
444 3859 473 3896 a.
493 3847 520 3898 2.
540 3845 568 3896 3.
588 3843 615 3896 4.
634 3849 664 3895 ε.
684 3846 846 3905 blacorum.
866 3846 887 3894 l.
907 3858 932 3895 0.
952 3849 981 3896 ct
998 3843 1152 3896 comment.
1172 3845 1309 3897 latonam

304 3924 331 3962 c.
349 3911 377 3963 4.
398 3927 425 3961 v.
441 3914 469 3965 o.
487 3927 565 3978 seqq.
585 3917 629 3974 tit.
652 3915 700 3964 vi.
720 3916 776 3964 col.
795 3913 872 3971 aab.)

216 4001 278 4068 m)
296 4013 325 4060 s.
338 4013 501 4073 literanum.
520 4015 554 4061 de
574 4015 644 4062 virts
663 4012 767 4064 sslustr'.
786 4026 812 4063 c.
831 4012 877 4065 53.
896 4017 925 4064 ct
943 4025 989 4075 op.
1009 4009 1054 4064 84.
1075 4025 1102 4064 n.
1122 4013 1150 4065 2.
1187 4011 1309 4074 ...01-

302 4084 416 4143 priaous
434 4083 607 4132 Tomulllaoo
626 4088 755 4148 magistro
774 4088 876 4144 utitor,
902 4087 932 4132 ot
956 4079 1020 4146 ejus
1037 4087 1141 4146 scripta
1159 4077 1311 4145 probant.“

251 4173 286 4240 †)
304 4180 365 4232 lino
383 4179 566 4241 probabiliter
583 4185 725 4244 pertineat
737 4181 909 4244 §.cypriant
928 4179 1028 4239 ambi·
1043 4179 1088 4232 62.
1101 4179 1147 4232 65.
1158 4185 1188 4230 et
1201 4178 1246 4230 oo.
1265 4177 1310 4230 Gi.

305 4263 350 4312 ep.
371 4249 414 4300 55.
435 4253 485 4314 „to
505 4254 599 4314 quieta
617 4256 747 4303 sarriens
765 4246 963 4314 04004ιο44000.ιι
