2880 4660
116 491 216 562 fidem
238 487 368 554 illorum
396 494 498 574 alapae
525 489 697 554 scientiam
726 495 850 560 (πιστις
871 523 915 536 --
935 501 1061 570 promte)
1094 490 1228 574 perleo·
1307 480 1312 489 '

117 581 235 640 norem
260 573 429 651 redderet,
452 575 569 658 eisque
590 573 793 648 ostenderet,
816 573 921 638 Deam
944 574 1020 638 ideo
1041 573 1227 657 Prophetas

114 677 176 724 son
201 657 321 741 spiritu
343 655 496 731 alllnsse,
518 665 553 722 nt
574 655 707 736 lloedos
730 676 849 722 novum
880 677 940 740 por
962 657 1227 724 locaruutionetn

115 743 196 808 Filii
218 741 273 806 sui
303 740 525 805 inchoandam
554 743 705 806 omnibus
733 741 1015 825 praenuntiarent.
1038 741 1113 806 Jaru
1144 759 1225 806 vero

115 831 224 909 ipsum
246 831 480 910 argumentum
502 843 704 912 aggressus,
727 827 943 899 demonstrat,
966 826 1075 910 legera
1095 826 1225 890 Mosai-

114 929 208 986 αι,
238 913 335 990 caJ'us
365 909 478 994 uliqrre
506 909 604 973 litera
634 911 710 974 olim
732 910 885 975 Judaeos
907 909 1100 986 obstrinxit,
1132 909 1226 992 cnjus

117 1013 201 1058 vero
222 993 321 1057 etiarn
343 999 421 1057 tunc
450 993 640 1058 observatio
669 1001 808 1060 eatenus
837 1002 970 1058 tantun.
987 994 1058 1058 lleo
1090 994 1226 1076 placuit,

118 1088 285 1160 qnatenus
308 1077 399 1141 illius
423 1075 570 1141 lactares
590 1078 688 1142 eliam
711 1079 860 1160 spiritum
885 1077 974 1163 legis
1006 1078 1227 1162 penetrabant

117 1170 152 1226 et
174 1160 410 1236 attendebant,
442 1161 475 1224 in
498 1161 595 1225 Novo
617 1160 768 1226 Foedere
795 1179 875 1227 esse
896 1165 1093 1240 abrogatam
1116 1157 1226 1245 orroad

116 1245 261 1320 literam,
283 1263 347 1308 nnn
370 1261 452 1308 rero
473 1244 579 1329 quoad
602 1245 763 1332 spiritura,
777 1263 872 1330 quem
895 1247 967 1331 ipae
980 1245 1073 1309 Deus
1095 1244 1126 1308 iu
1146 1247 1227 1332 lege

115 1331 271 1394 llosaica
297 1327 502 1393 reconditam
532 1347 613 1394 esse
643 1328 756 1393 voluit.
801 1330 845 1395 Et
871 1329 934 1394 bac
963 1331 1089 1393 ratione
1116 1328 1226 1404 docet,

117 1413 287 1478 sacrificia
309 1418 345 1477 et
361 1414 488 1494 jejunio
500 1412 636 1477 Veteris
653 1413 761 1496 Legis
782 1431 861 1478 csse
883 1412 1006 1478 abolita
1029 1409 1081 1497 (r.
1101 1417 1131 1475 ⁸2.
1155 1406 1225 1498 3.).

117 1498 250 1583 Legem
273 1496 471 1561 reroMnsis
492 1498 672 1562 rescissem
695 1515 774 1562 esse
797 1505 905 1563 monet
927 1495 1015 1563 ideo.
1038 1503 1072 1558 ut
1095 1496 1224 1579 perlec-

118 1582 185 1645 tior
207 1581 261 1645 lex
278 1581 458 1666 Evangelii
481 1579 690 1655 succederet,
713 1599 808 1665 piram
831 1583 976 1668 egregie
1000 1577 1145 1644 delineat
1168 1577 1223 1666 (c.

116 1659 188 1752 4.).
234 1665 319 1729 Tota
341 1669 427 1728 enim
455 1665 526 1730 hex
558 1673 656 1729 vetas
678 1664 822 1730 Judaeis
851 1668 982 1750 quidem
1016 1663 1226 1728 annuntiavit

116 1749 279 1814 blessiam
303 1755 486 1824 venturum,
508 1749 602 1813 nobis
627 1768 718 1824 vero,
739 1751 768 1813 si
791 1749 940 1834 spirituus
965 1749 1038 1829 ejus
1066 1754 1224 1828 penetra·

51 1825 60 1844 '
119 1855 200 1899 raas.
224 1839 407 1914 praecepta
429 1838 519 1898 recle
540 1832 676 1898 vivendi
698 1831 811 1898 tradit.
855 1835 914 1901 Sic
939 1831 1122 1911 Prophetae
1151 1832 1225 1912 ejas

119 1918 307 2000 passionem
329 1925 363 1980 et
388 1922 522 1980 mortem
553 1916 791 2002 praedixerunt
822 1911 885 2006 (c,
907 1915 1049 2002 5-6.);
1080 1917 1227 1996 ritusque

118 2007 153 2065 et
174 2001 384 2068 ceremoniae
406 2000 542 2065 Veteris
557 2003 664 2086 begis
688 2005 883 2087 praesertim
906 2002 960 2067 dle
984 1997 1225 2084 propitiationis

119 2083 355 2150 observandae
377 2084 648 2170 praefigurabant
663 2087 804 2151 eandem
819 2087 1006 2170 passionem
1023 2091 1056 2150 ct
1079 2087 1226 2154 mortem,

118 2168 238 2252 quibas
260 2167 389 2235 Redem
415 2168 461 2236 tio
484 2169 621 2254 generis
642 2169 774 2234 hannani
802 2177 937 2256 peracta
960 2171 1021 2238 fait
1035 2157 1225 2258 [cr-e).

117 2253 199 2318 Tum
221 2271 304 2318 vero
326 2189 514 2334 explicator
535 2253 672 2338 spiritus
694 2254 805 2340 legum
835 2264 984 2320 veterum
1014 2254 1056 2319 de
1087 2254 1226 2318 circum-

119 2337 265 2406 cisione.
301 2344 336 2401 et
366 2338 409 2401 de
439 2335 522 2400 cibis
556 2339 588 2401 in
626 2336 841 2424 legislatione
862 2339 1013 2404 Mosaios
1039 2337 1154 2400 velitis
1184 2351 1225 2397 uc

119 2421 294 2502 permissis
316 2420 371 2508 lc.
395 2416 548 2504 9-10.l,
564 2422 706 2485 maxime
729 2421 769 2485 ad
792 2427 924 2486 nostros
948 2440 1056 2488 mores
1080 2421 1226 2510 forman-

119 2503 198 2569 dna.
242 2503 330 2568 Dein
353 2505 504 2582 ostendit,
528 2523 593 2590 qna
615 2504 743 2570 ratione
768 2505 948 2590 baptismus
971 2513 1006 2571 et
1027 2523 1107 2566 crux
1127 2499 1226 2565 cnu-

119 2587 179 2666 sti,
201 2586 291 2652 unde
313 2589 416 2654 omnis
431 2588 586 2676 baptismi
609 2589 716 2652 virtus
739 2590 897 2662 manarit,
920 2589 952 2651 io
967 2586 1084 2653 Veteri
1103 2584 1227 2648 Testa-

117 2679 232 2737 menlo
266 2673 480 2758 praesignato
508 2672 631 2737 luerint
661 2665 715 2760 (c.
749 2668 834 2758 ll).
878 2672 943 2738 llle
973 2678 1081 2735 autern
1112 2665 1165 2749 qui
1193 2665 1226 2730 iu

119 2773 221 2822 eruce
243 2761 388 2824 mortuos
410 2764 481 2834 est,
510 2761 545 2820 et
566 2761 670 2822 morte
692 2775 754 2821 sna
777 2776 839 2821 nos
861 2755 1017 2830 redemit,
1047 2771 1146 2819 verus
1174 2757 1227 2815 est

118 2839 236 2914 lleus,
270 2839 326 2925 qni
358 2861 431 2908 com
459 2839 659 2926 Christianis
693 2860 750 2924 pro
776 2842 845 2914 rie,
879 2860 943 2906 non
974 2859 1046 2905 carn
1081 2833 1226 2902 Judaels

116 2925 240 2990 foedos
262 2943 356 2992 soum
381 2944 421 3009 pe
448 2861 779 3022 pittone-148.
811 2925 964 3010 Denique
988 2925 1086 2990 elium
1111 2927 1227 2985 osten-

117 3007 184 3085 dit,
216 3008 328 3094 legem
352 3008 394 3074 de
416 2946 561 3076 gabbaa
582 3008 805 3076 celebratione
827 3010 953 3076 altioris
976 3028 1054 3076 esse
1080 3005 1227 3089 spiritus,

116 3091 342 3188 templumque
373 3093 707 3177 Hierosolymitauum
744 3094 866 3160 idcirco
902 3095 1032 3176 absque
1065 3091 1134 3158 ulla
1165 3105 1227 3172 spe

118 3176 373 3240 restauratronis
403 3177 511 3242 luisse
532 3177 755 3255 destructum,
790 3196 975 3262 navumque
1004 3179 1036 3240 in
1066 3173 1227 3240 mentibus

118 3257 379 3326 Christianorum
416 3279 603 3344 exsurgere
641 3261 797 3344 templum
832 3261 903 3326 lleo
938 3259 1093 3344 placitam
1128 3264 1227 3338 atque

117 3353 312 3426 perpetuum
336 3339 390 3432 (c.
417 3341 588 3429 15-17.l.
617 3384 658 3395 -
700 3346 740 3409 lu
764 3351 858 3430 parte
880 3342 1030 3409 secunda
1053 3339 1228 3427 praeclara

115 3433 153 3490 ct
182 3426 277 3492 utilio
303 3429 426 3494 mnnita
454 3428 574 3494 salutis
603 3435 638 3493 et
669 3429 847 3514 praecepta
878 3428 1023 3507 donlur3
1066 3425 1152 3490 duas
1184 3421 1226 3487 lbi

115 3510 268 3576 ostendit
289 3529 369 3578 esse
391 3511 555 3578 bominum
578 3515 671 3588 vias,
703 3531 819 3590 onam,
849 3531 935 3598 qaae
958 3513 1014 3575 r-’ia
1037 3509 1120 3574 lacis
1143 3505 1229 3576 diei·

114 3599 187 3667 tar,
215 3593 268 3658 cui
289 3597 407 3678 angeli
430 3596 506 3662 boni
524 3601 705 3746 graesont,
735 3596 874 3661 alteram
897 3597 986 3661 viam
1008 3592 1228 3670 tenebrarum,

116 3695 205 3759 qnae
226 3677 345 3744 subest
367 3682 502 3767 angelis
554 3687 695 3766 atanae3
729 3699 789 3746 eas
813 3698 909 3768 porro
931 3677 1143 3764 explanando
1167 3696 1228 3763 pa-

117 3762 181 3825 lam
207 3761 303 3841 lacit,
325 3764 402 3850 qnid
427 3765 519 3832 bomo
543 3763 752 3831 Christianus
775 3783 899 3853 agere,
923 3763 1000 3849 quiid
1025 3764 1145 3846 lugere
1167 3761 1229 3825 de-

118 3845 215 3926 beat,
236 3854 273 3912 ut
294 3847 339 3913 ad
362 3847 505 3916 futuram
528 3849 803 3917 resurrectionem
825 3857 860 3916 et
880 3843 1129 3917 retribationem
1152 3845 1229 3912 leli·

115 3931 203 3996 citer
224 3931 401 4016 perveniat
424 3932 479 4022 (c.
504 3927 675 4014 tet-ant.

201 4013 495 4101 lnterpretationis
516 4015 553 4082 S.
578 4017 773 4102 Scripturas
795 4017 942 4095 moralis,
964 4016 1171 4103 allegoricae
1195 4019 1229 4076 ot

115 4099 334 4187 anagogicae
355 4100 618 4186 antiquissimam
647 4103 679 4166 in
702 4101 856 4168 Ecclesia
887 4100 939 4168 bic
970 4101 1121 4166 invenire
1151 4098 1229 4160 licet

114 4183 308 4264 specimettt
343 4203 386 4250 tto
414 4186 618 4272 posteriores
640 4184 759 4252 Patres
789 4191 824 4250 et
845 4184 1035 4270 Scriptores
1065 4200 1136 4275 cum
1162 4177 1228 4271 Ja-

115 4264 214 4334 dacis
240 4275 390 4358 agentes
417 4267 462 4336 ad
494 4267 580 4336 banc
609 4269 782 4356 epistolam
811 4287 915 4353 saepe
946 4279 1140 4352 respexisse
1176 4279 1229 4329 vr·
