2866 4652
1200 279 1256 359 Xl

144 469 297 544 Petrum
325 468 518 567 primorum
546 488 617 544 sex
643 489 756 544 aerae
773 463 1006 544 Christianae
1024 465 1256 544 saeculorum

146 595 305 670 maxime
334 594 549 668 inserviunt.
608 590 753 682 Quodsi
786 591 899 685 haee,
936 615 1029 691 quae
1059 613 1149 694 pree
1182 615 1258 664 ura·

145 717 254 794 nibus
287 729 414 809 suut,
430 718 521 790 viris
554 717 700 792 istarum
728 737 848 792 rerum
875 719 1005 819 peritis
1031 714 1257 793 desiderium

145 844 418 935 excitaverint,
459 850 501 916 ut
533 842 668 916 Patres
701 843 921 946 posterioris
959 845 1091 920 aetatis
1126 840 1256 917 eadem

146 970 292 1044 ratione
319 975 578 1069 proponantur,
596 968 703 1042 Dens
726 967 1015 1065 benignissimus
1041 973 1101 1060 (ut
1126 969 1256 1066 spero)

146 1101 188 1170 et
225 1094 329 1168 vires
364 1101 404 1168 et
440 1094 551 1168 otium
591 1090 710 1186 dabit,
751 1100 792 1168 ut
831 1091 1015 1192 prioribus
1051 1093 1258 1194 posteriora

145 1227 234 1320 apte
261 1217 476 1295 suecedent

252 1340 452 1418 Editiones
478 1342 634 1417 omnium
664 1339 810 1414 Patrnm
835 1338 1015 1418 adhibere
1040 1339 1127 1418 mihi
1153 1339 1257 1420 licuit

146 1469 503 1569 praestantissimas,
541 1491 632 1565 quas
668 1487 734 1565 pro
769 1467 907 1564 insigni
941 1491 1010 1542 sua
1035 1466 1257 1542 humanitate

146 1592 413 1692 benignissime
442 1591 526 1666 mihi
553 1589 805 1692 suppeditavit
830 1592 876 1666 n
903 1593 950 1667 D.
976 1591 1255 1668 Joaunesl'ar·

148 1716 302 1812 seiraik,
336 1715 524 1818 parochus
559 1717 594 1791 in
628 1718 860 1813 Lengmoos,
886 1717 946 1814 qui
975 1717 1060 1793 iude
1087 1742 1111 1790 a
1132 1716 1256 1790 moitis

147 1844 256 1916 annis
281 1843 540 1942 amplissimam
570 1840 854 1928 noetianorum,
891 1842 1078 1916 rarissima
1104 1843 1258 1939 quaevis

149 1975 187 2042 et
216 1969 537 2068 praestantissima
563 1964 639 2042 SS.
667 1966 816 2040 Petrum
845 1963 969 2065 Opera
1006 1966 1257 2068 eornpieeten-

146 2101 238 2182 tem,
272 2091 467 2169 indefesso
495 2091 620 2168 studio
655 2095 869 2190 magnisque
903 2091 1082 2168 sumtibus
1117 2094 1254 2166 instru-

147 2219 212 2294 xit.
268 2219 396 2296 Panna
421 2216 599 2316 quaedam
629 2219 664 2292 in
691 2217 940 2294 Bibliotheois
974 2219 1152 2319 pubiieis,
1184 2228 1255 2292 tam

146 2343 385 2434 Austriaois,
425 2369 529 2442 quam
563 2346 704 2420 exteris
739 2359 872 2424 nactus
905 2373 994 2423 snm.
1050 2345 1256 2442 Egregium

148 2469 247 2542 inter
274 2467 439 2545 subsidia
463 2468 582 2545 loeum
610 2469 765 2546 obtinuit
792 2471 979 2550 Collectio
1007 2468 1255 2547 Correiiiorum

148 2591 375 2692 amplissima
398 2603 547 2670 nnotore
573 2595 611 2671 J.
641 2596 687 2670 l).
714 2597 852 2692 Mansi,
879 2621 984 2695 quan
1011 2592 1255 2672 Celsissimus
1310 2609 1312 2614 ·

146 2740 193 2796 ae
229 2717 584 2796 Reuerendissimus
627 2719 841 2825 Episeopus
891 2746 997 2798 meus
1041 2716 1255 2796 Bernartius

147 2841 289 2919 Gaiura
320 2865 385 2935 eo,
418 2867 523 2944 quern
561 2870 739 2946 nunquam
774 2851 869 2924 satis
904 2846 1056 2922 laudare
1091 2867 1255 2947 possum,

38 3029 42 3038 .
148 2967 311 3068 benigrm
345 2971 380 3042 in
412 2993 470 3046 me
502 2973 622 3048 animo
655 2982 867 3075 promtoqne
901 2972 995 3050 bona
1029 2969 1155 3047 studia
1189 2973 1254 3068 ju-

147 3093 260 3168 vandi
308 3094 566 3174 lubentissime
617 3097 792 3199 praebuit.
862 3098 1018 3172 Praeter
1067 3094 1254 3170 editiones

147 3223 488 3321 praestantissimas
514 3223 587 3297 aiia
612 3245 756 3322 quoque
789 3220 956 3298 subsidia
989 3231 1137 3322 praesto
1170 3220 1256 3302 ‘fue-

147 3352 250 3433 runt,
286 3355 325 3421 nt
357 3344 401 3422 Ο.
428 3348 696 3442 Beliarminus,
735 3348 930 3440 habiens,
969 3348 1141 3444 Nonrry,
1175 3345 1256 3418 Du-

147 3470 680 3572 pin,Ti11emont,Ceillier,
708 3474 754 3549 G.
780 3473 904 3568 Cave,
932 3471 1018 3549 Cas.
1046 3468 1185 3560 Oudin,
1216 3470 1254 3545 J.

145 3595 194 3670 A.
222 3596 419 3672 Fabricius
444 3597 581 3697 aliique
609 3601 851 3676 recentiores.
913 3600 996 3674 Hos
1022 3621 1067 3673 ae
1094 3595 1258 3696 inprimis

146 3719 317 3798 editores
343 3723 766 3801 Patrumdoetisnimos
800 3747 850 3800 ex
877 3722 1179 3823 Congregatione
1213 3717 1256 3795 S.

146 3845 270 3920 Mauri
303 3846 517 3945 frequenter
553 3858 706 3928 seeutus
747 3875 850 3942 sumr
895 3873 941 3926 ea
982 3847 1160 3948 siquidem
1196 3856 1257 3922 est

149 3970 243 4045 felix
270 3970 435 4048 conditio
463 3984 709 4074 posterorum,
736 3985 794 4070 ut,
828 3998 922 4074 quae
948 3976 1011 4051 alii
1038 3984 1125 4050 ante
1153 3975 1256 4071 ipsos

147 4105 252 4174 reete
279 4121 438 4174 sensere
466 4107 504 4176 et
531 4099 626 4178 bene
658 4099 809 4195 dixere,
846 4103 880 4176 in
918 4126 1008 4178 usus
1041 4123 1132 4176 suos
1165 4117 1256 4170 eon-
