2948 4662
1198 323 1261 392 985

155 483 228 550 urst
253 499 350 568 porro
372 479 410 546 S.
436 479 625 630 CXpriauus
645 483 743 548 istam
765 482 965 550 sententiam
987 485 1177 554 correxisse
1198 510 1263 560 noo

152 569 363 643 inveniatur,
389 565 452 632 hau
500 567 756 654 incongruenter
776 574 886 634 tameo
909 567 952 634 de
975 567 1032 633 tali
1053 570 1123 635 viro
1145 576 1263 641 existi·

153 653 307 718 mundum
330 656 401 724 est,
434 649 521 735 quod
545 653 728 716 eorrexerit
748 657 783 716 et
806 651 951 718 fortusse
973 673 1186 739 suppressum
1219 661 1264 726 sit

153 739 197 802 oio
220 737 273 812 iis,
296 735 351 822 qni
373 732 436 798 hoc
458 753 569 800 errore
593 735 724 800 nimium
747 735 907 804 delectati
929 743 1007 802 sunt
1027 744 1063 804 ct
1085 747 1178 807 tanto
1200 763 1264 811 ve·

152 821 203 887 lut
226 819 409 906 patrocinio
431 837 547 884 carere
568 820 745 886 noluerunt
766 822 815 894 ⁵).

239 955 368 1039 Quodsi
397 961 504 1023 nortem
533 955 575 1022 S.·
592 955 780 1042 Cyprianus
802 977 916 1025 errore
938 959 1079 1026 humano
1102 959 1262 1050 deceptus

154 1043 200 1109 de
222 1043 384 1128 baptismo
408 1039 646 1107 haereticorum
667 1043 766 1109 aliter
792 1043 979 1116 sentiebat,
1013 1065 1109 1128 quiam
1139 1067 1179 1114 se
1208 1071 1262 1118 res

153 1127 310 1206 habehat,
333 1145 418 1210 pirae
440 1132 560 1210 postea
582 1127 710 1192 demum
736 1133 939 1212 pertractatu
953 1134 987 1193 et
1003 1128 1261 1216 diligentissima

153 1211 420 1278 consideratione
451 1207 576 1275 firmata
605 1217 676 1288 est,
710 1230 750 1276 ae
782 1209 990 1276 nihilominus
1023 1214 1055 1277 in
1088 1211 1263 1284 Cathoiira

154 1298 281 1362 unitate
310 1294 509 1381 permansit,
540 1294 628 1359 iilius
652 1303 744 1361 certe
765 1314 857 1361 error
878 1303 913 1361 et
935 1295 1089 1363 caritatis
1109 1299 1261 1370 ubertate

152 1388 404 1464 compensatus,
426 1384 462 1443 et
483 1379 650 1463 passionis
673 1379 762 1444 falce
785 1386 946 1465 purgatus
969 1387 1022 1447 est
1044 1383 1108 1461 **).
1163 1385 1262 1454 Nova

153 1466 240 1530 enim
266 1462 455 1550 persecutio
485 1470 520 1528 et
541 1461 747 1548 Stephanum
776 1473 810 1529 et
837 1473 955 1548 posteo
977 1463 1178 1551 Cyprianum
1201 1491 1261 1534 su-

153 1549 261 1614 stulit.
287 1547 490 1614 Valerianus
512 1547 830 1634 quippeirnperator
851 1542 954 1697 Sinde
976 1549 1018 1614 ab
1041 1568 1128 1616 anno
1150 1553 1262 1637 2533,

153 1651 228 1698 uum
257 1631 435 1698 Ecclesiae
463 1632 573 1696 statim
606 1650 722 1715 pacem
755 1630 849 1697 reddi
876 1633 960 1697 isset
988 1639 1022 1698 et
1051 1631 1262 1704 Christianos

153 1736 214 1802 per
244 1717 369 1800 aliquot
400 1733 507 1782 annos
539 1715 692 1799 privatim
727 1734 767 1780 uc
799 1717 928 1801 publice
951 1717 1036 1782 omui
1059 1716 1263 1790 humanitate

153 1801 308 1878 fovisset,
331 1807 446 1885 postea
467 1797 523 1887 (a.
545 1793 645 1882 257.)
666 1800 830 1864 Macriani
852 1801 979 1866 artibus
1002 1799 1263 1870 inductusChri-

155 1886 299 1950 stianam
327 1885 521 1972 religionem
550 1883 764 1949 vehementer
793 1885 946 1969 persequi
975 1886 1083 1969 coepit
1110 1887 1262 1975 puiset».

157 1969 216 2033 iih.
239 1969 269 2032 t.
292 1989 318 2034 c.
344 1971 430 2060 tu).
474 1967 572 2033 initio
602 1967 699 2051 hujus
730 1968 973 2052 persecutionis
1006 1967 1043 2032 S.
1066 1967 1261 2058 Stephanus

158 2053 286 2118 Romae
307 2053 496 2142 martyrium
519 2052 619 2118 subiit
641 2058 675 2117 et
702 2051 739 2117 S.
763 2049 936 2118 Sixtusin
959 2052 1031 2135 ejus
1052 2053 1158 2120 iocum
1180 2058 1263 2124 suh-

154 2150 295 2218 rugatus
317 2145 391 2216 est,
420 2138 476 2224 qui
499 2136 627 2222 etipse
650 2143 726 2222 pust
747 2154 869 2201 annum
892 2137 964 2201 fere
987 2137 1152 2226 integrum
1175 2161 1263 2209 mar-

154 2223 231 2304 tyrii
254 2223 361 2310 glorio
383 2227 560 2288 coronatus
582 2227 652 2294 est.
685 2222 867 2303 superstite
890 2219 1000 2286 adhuc
1021 2219 1060 2288 S.
1084 2221 1262 2310 Cypriane.

156 2306 284 2372 Eodem
306 2325 393 2372 annu
416 2299 541 2396 (aot.)
564 2304 601 2370 S.
628 2303 816 2390 Cyprianus
839 2305 981 2370 oninium
1005 2306 1126 2389 primus
1148 2311 1179 2373 in
1201 2312 1263 2376 At-

154 2390 226 2456 riea
253 2392 491 2476 persecutionis
522 2393 677 2474 impetum
699 2389 879 2472 excepisse
901 2389 1034 2453 uidetur
1063 2389 1141 2478 [ep.
1163 2389 1243 2482 te.)

154 2482 190 2540 et
212 2473 561 2560 postquamChrislum
582 2493 708 2538 summa
731 2473 830 2538 antimi
851 2472 1043 2538 tortitudine
1062 2489 1171 2540 coram
1180 2478 1264 2542 Pro-

153 2561 294 2625 consuie
323 2560 499 2626 coufessus
526 2566 619 2638 erut,
652 2557 729 2624 exui
760 2557 955 2642 deportatus
978 2563 1032 2620 est
1061 2558 1092 2622 in
1114 2558 1263 2628 abditum

1253 2416 1262 2434 ι

1253 2443 1263 2479 l

261 2900 308 2950 rel
325 2903 409 2950 ctiam
427 2898 473 2960 87,
490 2901 516 2950 si
536 2902 717 2950 numerentur
734 2899 943 2961 inconsonus,
961 2901 1008 2962 out
1027 2901 1106 2949 vices
1119 2913 1183 2951 suas
1198 2915 1264 2964 pro.

262 2976 380 3021 curaturi
401 2967 615 3030 commiserant),
635 2971 681 3019 uhi
699 2971 804 3032 singuli
819 2970 945 3032 Episcopi
965 2970 1107 3031 proterunt
1124 2972 1264 3036 suffragia,

260 3043 359 3103 quibus
383 3044 559 3091 adstruerent
583 3053 661 3089 suum
684 3043 854 3102 opinionem,
879 3042 1042 3100 baptismum
1061 3043 1262 3094 haereticorum

260 3111 367 3160 nulium
387 3123 449 3161 esse
467 3117 496 3160 et
514 3111 677 3160 invalidum.
716 3113 770 3159 iias
787 3114 941 3160 sententias
959 3114 1072 3160 discutit
1089 3115 1214 3176 singulas
1232 3115 1261 3163 8.

262 3181 435 3243 Augustinus
453 3184 482 3232 iu
500 3181 551 3244 Op.
578 3183 612 3229 de
638 3183 711 3241 hapt.
739 3184 834 3230 contra
854 3181 951 3228 Donat·
977 3185 1032 3229 toto
1051 3183 1122 3230 iiliru
1139 3181 1167 3233 6.
1188 3189 1216 3232 et
1235 3182 1262 3235 7.

262 3253 463 3368 ,ΐιὲιξξιιιιοίιιιο
481 3254 602 3302 conferri
621 3251 740 3312 dehent,
765 3253 796 3300 nt
820 3253 934 3299 istarum
958 3259 1068 3299 errores
1090 3255 1264 3313 perspiciun-

216 3409 249 3472 *1
268 3419 310 3466 tto
329 3419 357 3466 s.
379 3419 525 3480 Augustin.
545 3429 588 3480 ep.
608 3415 653 3470 93.
673 3431 700 3467 ιι.
719 3413 764 3468 38.
808 3415 882 3466 Vide
909 3417 1011 3477 etiam,
1037 3415 1102 3478 quid
1129 3417 1156 3468 iu
1181 3413 1264 3482 hujus

263 3490 368 3536 erroris
386 3491 593 3538 excusationem
611 3487 709 3538 aderat
726 3489 755 3535 8.
776 3487 947 3548 Augustinus
965 3498 1010 3548 ep.
1029 3485 1074 3536 93.
1100 3499 1129 3536 u.
1146 3485 1264 3540 38-240.
1365 3527 1368 3532 -

262 3569 307 3618 ep.
330 3556 390 3610 108.
410 3572 438 3610 ιι.
458 3556 485 3609 9.
522 3559 783 3622 Βοιιρ1.ιοιι1ιιι
808 3557 904 3606 ὓοιιιιι.
931 3557 1027 3608 111.9.
1051 3555 1264 3610 o.5-6.et

146 3683 149 3686 ,
261 3639 341 3690 saep.

196 3718 248 3780 **)
265 3727 294 3772 8.
315 3728 463 3790 Augustis.
483 3727 518 3776 rie
535 3727 611 3788 bapt.
630 3730 724 3777 eontra
743 3725 839 3774 munt.
857 3723 908 3774 iiii.
928 3725 951 3772 1.
971 3735 1000 3772 ιι.
1019 3721 1062 3775 98.
1098 3723 1143 3773 (11.
1162 3727 1264 3776 iitero-

262 3807 339 3858 nym.
358 3795 564 3846 ndv011uetter.
583 3809 612 3844 ιι.
631 3795 675 3846 95.
696 3801 724 3845 et
742 3809 770 3844 ιι.
791 3793 837 3846 93.
857 3797 904 3856 qui
922 3795 1006 3844 etism
1026 3795 1161 3844 testetur:
1196 3799 1265 3861 „iiii

262 3869 315 3927 ipsi
337 3867 482 3932 Episcopi,
505 3868 552 3928 qui
571 3866 783 3928 rebaptizandus
799 3867 955 3914 haereticos
972 3875 1033 3914 curn
1052 3863 1190 3927 cypriano
1206 3872 1267 3916 sta-

263 3939 392 3998 tuerant,
417 3939 450 3987 nd
476 3940 615 3998 antiquom
642 3939 870 3986 consuetudinem
889 3935 1010 3985 revoluti
1030 3947 1129 3985 novum
1146 3938 1266 3987 emisere

261 4003 437 4058 decretum-‘⁶
473 4007 550 4069 Quod
571 4012 678 4070 ιιιιιιιι,
702 4009 727 4056 si
748 4009 862 4056 veritati
881 4017 1031 4056 consonum
1050 4009 1111 4066 est,
1129 4019 1180 4056 uon
1200 4013 1265 4056 unte

238 4135 242 4144 ⁴
262 4077 380 4137 xystum
399 4089 450 4126 seu
468 4080 592 4138 titutum,
611 4079 659 4139 qui
675 4080 705 4126 8.
724 4078 863 4139 tltephauo
883 4079 1005 4137 proxime
1022 4079 1172 4134 suecessit,
1197 4087 1267 4123 eon-

261 4149 361 4208 ttgtsse
379 4151 458 4196 reete
478 4147 544 4197 iude
562 4150 721 4210 derivatur,
748 4151 818 4210 quud
838 4147 944 4208 xystus
959 4156 978 4194 a
996 4145 1094 4196 Pontio
1112 4146 1220 4204 „hunus
1238 4145 1267 4192 et

260 4213 405 4279 pacificus
423 4213 573 4267 sacerdod·
594 4223 709 4268 vocatur
725 4219 808 4272 tVttu
825 4211 1003 4280 stuprorum
1020 4228 1052 4266 ιι.
1071 4211 1141 4277 143,
1158 4212 1196 4261 ui.
1209 4211 1267 4262 Eu-

262 4288 323 4338 seh.
345 4285 444 4337 111ι.1.
468 4298 494 4336 ι.
514 4286 541 4338 5.
