2886 4660
1192 321 1232 384 dl

116 478 199 558 rali,
221 495 323 564 qnam
345 484 533 563 sequuntur
554 477 731 546 Ecclesiae
754 480 955 562 Praesules,
985 482 1092 548 omnis
1120 485 1235 552 umbra

116 564 288 661 hunanne
311 561 468 660 fallaciae
491 569 685 660 avertatun
711 563 788 660 ilco
811 565 922 663 ntique
944 566 1157 650 patrocinium
1181 589 1236 636 ne-

118 647 1235 828 militaturus*,turtersunula'rra
1311 809 1313 815 .

118 835 186 903 qne
209 814 276 881 Iler
296 813 529 899 providentiae
550 815 744 882 necessaria
766 815 975 883 tribuendum
996 824 1059 883 est.
1073 820 1107 894 *l
1166 823 1234 889 Ne·

118 919 187 987 que
211 906 320 996 tamen
343 897 420 997 ideo
440 897 596 995 Ecclesia
614 902 766 998 superior
787 918 866 966 esse
886 899 1006 968 dieitur
1027 899 1065 969 S.
1085 902 1234 992 Scriptu-

121 1003 186 1060 ra,
207 982 261 1048 vel
289 1002 374 1067 rpsrs
406 989 507 1047 etram
537 981 713 1050 Ecclesiae
742 983 908 1050 Patribus.
959 985 1116 1052 Ecclesia
1145 991 1233 1058 euim

121 1067 241 1135 eodem
263 1064 391 1152 Spiritu
411 1067 553 1154 regitur,
574 1086 637 1152 qun
659 1067 842 1164 inspirante
864 1068 902 1134 S.
932 1067 1107 1155 Scriptura
1130 1071 1233 1140 literis

120 1151 282 1220 mandata
307 1156 385 1226 est,
412 1150 562 1236 hancque
594 1151 749 1218 Ecclesia
783 1171 909 1218 summu
940 1171 1013 1218 curo
1045 1159 1234 1224 reverentia

19 1279 22 1284 -
119 1235 264 1324 suspicit
284 1243 319 1300 et
339 1239 471 1300 tractat.
514 1236 587 1300 iles
608 1233 725 1301 eadem
746 1254 786 1301 se
809 1237 934 1302 ratione
962 1235 1084 1316 habet,
1112 1255 1154 1304 ac
1177 1242 1234 1308 nli

120 1321 307 1406 imperator
323 1318 442 1405 aliquis
453 1320 600 1384 seullex
617 1318 729 1406 legem
744 1338 804 1384 suo
820 1320 948 1386 calamo
963 1322 1127 1400 exaravit,
1143 1341 1234 1390 eam·

120 1424 185 1492 qne
222 1403 337 1490 legem
369 1401 527 1468 ministris
559 1401 630 1468 suis
665 1402 798 1468 tradidit
838 1403 1089 1473 custodiendam
1123 1406 1232 1505 iisque

120 1488 353 1556 auctoritatem
377 1487 564 1565 concessit,
601 1485 709 1552 dubiis
738 1488 864 1553 exortis
892 1489 1096 1556 voluntatem
1125 1491 1232 1576 ipsius

120 1572 255 1659 Regis,
284 1589 382 1656 qnam
403 1571 478 1656 ipse
496 1571 748 1638 acccuratissime
768 1572 811 1637 iis
834 1572 992 1640 indicavit
1013 1583 1048 1640 et
1080 1573 1232 1641 indicare

121 1659 247 1744 pergit,
271 1653 477 1722 declarandi.
519 1655 637 1739 Neque
660 1661 770 1722 tamen
791 1654 865 1722 ideo
889 1657 1053 1742 quispiam
1068 1666 1161 1726 recte
1184 1659 1234 1726 di·

121 1748 189 1821 cet,
205 1739 371 1807 ministros
392 1739 477 1806 istos
497 1738 574 1824 ipsa
594 1739 674 1828 lege
695 1740 884 1826 superiores
907 1759 985 1808 esse
1008 1748 1065 1808 aut
1079 1744 1232 1828 superio-

120 1822 1232 2006 8.,ἰί.ἕῖ.’.ῗῗ.ζι..ῗῗῖἕὲἱ9ἕῖ.ἳιῖ.ῗ888ῗὲ.88..ῐῖῗῖἔὶ

121 1995 245 2082 degat,
263 2011 327 2060 nec
346 1994 418 2059 alra
439 1997 568 2058 rotrone
590 2009 788 2058 consensum
809 2008 921 2058 eorum
943 1991 1028 2058 cruit
1049 1997 1084 2058 et
1103 1994 1231 2076 statuit,

120 2097 160 2146 re
180 2079 212 2144 si
234 2075 427 2155 eorundem,
449 2082 605 2161 tanquam
618 2075 873 2142 orthodoxorum
884 2077 1134 2163 Episcoporum,
1148 2098 1230 2144 sen-

119 2163 313 2230 tcntiamin
358 2160 528 2228 uaestione
550 2157 629 2226 ti'dei
655 2158 828 2227 dicendam
857 2163 1056 2248 exquireret.
1107 2162 1229 2250 ltaque

120 2246 296 2322 Ecclesia,
324 2180 480 2342 gentium
502 2244 683 2332 magistra,
710 2263 843 2332 semper
864 2245 943 2311 viva
964 2265 985 2311 a
1005 2245 1079 2313 lleo
1101 2248 1230 2314 consti-

120 2339 191 2400 tuta
212 2339 249 2397 et
269 2349 291 2395 a
311 2329 438 2416 Spiritu
458 2325 586 2395 Snncto
608 2328 651 2395 ab
674 2330 760 2394 omni
781 2327 914 2394 errandi
936 2329 1141 2417 fallendique
1167 2351 1229 2416 pe-

119 2415 225 2482 riculo
246 2432 291 2479 ex
312 2413 426 2480 divina
447 2411 656 2500 benignitate
676 2419 710 2478 et
731 2413 871 2498 speciali
894 2411 1101 2498 providentia
1128 2433 1229 2510 prae·

120 2504 265 2564 servata
284 2499 320 2563 in
340 2498 438 2564 rebus
458 2497 534 2563 tidei
556 2503 593 2561 et
621 2515 759 2575 morum,
789 2493 828 2562 S.
856 2493 1084 2578 Scriptruam,
1112 2495 1229 2562 librum

122 2581 293 2660 divinum,
321 2581 500 2648 amnicum
529 2581 720 2646 reverentia
770 2585 992 2657 erscrutatur,
1022 2585 1057 2644 et
1083 2576 1230 2646 Sanctos

120 2667 262 2740 Patres,
290 2664 467 2752 magistros
497 2664 676 2730 Ecclesiae
704 2601 795 2728 uuila
825 2681 889 2728 non
912 2669 1059 2748 tempore
1081 2663 1230 2749 agnitos,

120 2750 267 2818 consulit
289 2755 324 2815 et
344 2748 452 2828 audit,
481 2756 580 2834 atque
604 2747 777 2813 veritatem
799 2745 863 2814 hirc
887 2745 1011 2834 duplici
1032 2748 1089 2813 via
1110 2757 1229 2814 inven-

120 2843 185 2902 tam
209 2842 244 2902 et
265 2833 446 2919 prolatum,
468 2831 595 2918 Spiritu
616 2831 655 2900 S.
679 2833 871 2906 assistente,
894 2839 986 2900 certa
1008 2839 1043 2898 et
1072 2833 1228 2900 absoluta

119 2919 317 2986 anctoritate
342 2919 493 2985 omnibus
521 2916 720 2984 credendam
747 2915 982 3004 agendumque
1013 2918 1103 2986 clare
1125 2924 1159 2984 et
1182 2917 1229 2984 di-

120 3003 230 3071 lucide
252 3003 416 3091 proponit.

619 3187 657 3278 S.
677 3201 729 3267 23.

125 3339 251 3406 Solatia
278 3343 485 3428 objectionum
509 3351 621 3406 corrtru
643 3339 724 3406 lurae
749 3337 812 3406 SS.
837 3337 968 3402 Petrum
989 3337 1228 3401 rrrrctorilutern.

202 3506 369 3596 Superest
391 3508 531 3589 demum,
555 3515 590 3575 ut
613 3507 695 3574 haec
717 3506 759 3572 de
782 3504 980 3572 auctoritate
1003 3501 1070 3570 88.
1095 3503 1228 3568 Petrum

119 3593 150 3658 in
172 3593 273 3660 relus
296 3593 496 3682 theologicis
519 3593 670 3682 doctriua
698 3596 814 3657 eontra
842 3590 1048 3674 objectiones
1077 3587 1229 3654 vindice-

118 3682 179 3742 tur.
222 3677 483 3744 iusarrereruut
504 3686 611 3744 autern
635 3676 838 3762 potissimum
860 3681 975 3740 contra
997 3674 1065 3740 SS.
1095 3674 1227 3739 Patrum

118 3763 349 3829 auctoritatem
373 3763 627 3830 Protestantinm
651 3761 793 3845 quidam,
816 3766 849 3823 ut
871 3759 1034 3836 llio-etus,
1054 3757 1229 3836 Dnllneus,

117 3843 151 3910 J.
174 3845 329 3914 Clericus
351 3854 386 3913 et
407 3847 679 3935 Basnugius.‘*)
722 3841 878 3930 0lrjicere
900 3851 1009 3910 autern
1031 3844 1141 3911 solent
1164 3843 1229 3928 pri·

118 4019 329 4036 Μ

168 4112 202 4170 *)
219 4117 356 4168 murator.
376 4122 411 4171 dc
431 4123 527 4183 ingen.
547 4117 679 4168 moderat.
700 4117 749 4167 tic.
769 4117 792 4164 1.
811 4127 834 4166 c.
857 4113 899 4166 19.

148 4208 200 4271 ”l
221 4215 309 4265 Andr.
329 4217 446 4267 lttretus
472 4220 500 4266 tu
525 4228 575 4266 ruo
597 4215 736 4266 Tractatio
761 4213 796 4263 dc
814 4211 936 4264 Petrum
961 4208 1152 4265 auctoritate,
1180 4204 1227 4264 qut

220 4288 390 4345 anemonas
409 4287 552 4338 invenitur
575 4282 701 4349 ejusdcm
718 4282 820 4335 Critici
838 4281 919 4336 socri
937 4281 1018 4330 ituris
1036 4278 1161 4338 quatuor,
1181 4275 1226 4350 qut
