<?xml version="1.0" encoding="UTF-8"?>
<!DOCTYPE html PUBLIC "-//W3C//DTD XHTML 1.0 Transitional//EN"
    "http://www.w3.org/TR/xhtml1/DTD/xhtml1-transitional.dtd">
<html xmlns="http://www.w3.org/1999/xhtml" xml:lang="en" lang="en">
 <head>
  <title>
</title>
<meta http-equiv="Content-Type" content="text/html;charset=utf-8" />
  <meta name='ocr-system' content='tesseract 3.04.00' />
  <meta name='ocr-capabilities' content='ocr_page ocr_carea ocr_par ocr_line ocrx_word'/>
</head>
<body>
  <div class='ocr_page' id='page_1' title='image "./institutionespa01fessgoog_0178.png"; bbox 0 0 2880 4660; ppageno 0'>
   <div class='ocr_carea' id='block_1_1' title="bbox 1148 297 1206 362">
    <p class='ocr_par' dir='ltr' id='par_1_1' title="bbox 1148 297 1206 362">
     <span class='ocr_line' id='line_1_1' title="bbox 1148 297 1206 362; baseline 0.034 -2"><span class='ocrx_word' id='word_1_1' title='bbox 1148 297 1206 362; x_wconf 76' lang='lat' dir='ltr'><strong>let</strong></span> 
     </span>
    </p>
   </div>
   <div class='ocr_carea' id='block_1_2' title="bbox 59 454 1210 1304">
    <p class='ocr_par' dir='ltr' id='par_1_2' title="bbox 59 454 1210 1304">
     <span class='ocr_line' id='line_1_2' title="bbox 179 454 1210 549; baseline 0.001 -21"><span class='ocrx_word' id='word_1_2' title='bbox 179 463 216 528; x_wconf 93' lang='lat' dir='ltr'><strong>ln</strong></span> <span class='ocrx_word' id='word_1_3' title='bbox 238 477 336 526; x_wconf 87' lang='lat' dir='ltr'><strong>usum</strong></span> <span class='ocrx_word' id='word_1_4' title='bbox 359 458 578 527; x_wconf 70' lang='lat' dir='ltr'><strong>homileticum</strong></span> <span class='ocrx_word' id='word_1_5' title='bbox 600 454 767 546; x_wconf 82' lang='lat' dir='ltr'>seligendi</span> <span class='ocrx_word' id='word_1_6' title='bbox 789 463 868 522; x_wconf 88' lang='lat' dir='ltr'><strong>sunt</strong></span> <span class='ocrx_word' id='word_1_7' title='bbox 885 475 928 522; x_wconf 85' lang='lat' dir='ltr'><strong>ex</strong></span> <span class='ocrx_word' id='word_1_8' title='bbox 941 457 1094 526; x_wconf 79' lang='lat' dir='ltr'><strong>Patribus</strong></span> <span class='ocrx_word' id='word_1_9' title='bbox 1108 483 1210 549; x_wconf 72' lang='lat' dir='ltr'><strong>grae</strong></span> 
     </span>
     <span class='ocr_line' id='line_1_3' title="bbox 102 540 1206 628; baseline -0.003 -13"><span class='ocrx_word' id='word_1_10' title='bbox 102 549 145 615; x_wconf 86' lang='lat' dir='ltr'><strong>eis</strong></span> <span class='ocrx_word' id='word_1_11' title='bbox 166 545 204 614; x_wconf 84' lang='lat' dir='ltr'><strong>S.</strong></span> <span class='ocrx_word' id='word_1_12' title='bbox 227 545 381 612; x_wconf 77' lang='lat' dir='ltr'><strong>Basilius</strong></span> <span class='ocrx_word' id='word_1_13' title='bbox 402 549 438 610; x_wconf 92' lang='lat' dir='ltr'><strong>et</strong></span> <span class='ocrx_word' id='word_1_14' title='bbox 457 542 495 611; x_wconf 83' lang='lat' dir='ltr'><strong>S.</strong></span> <span class='ocrx_word' id='word_1_15' title='bbox 523 541 675 608; x_wconf 81' lang='lat' dir='ltr'><strong>donnoes</strong></span> <span class='ocrx_word' id='word_1_16' title='bbox 705 540 980 626; x_wconf 69' lang='lat' dir='ltr'><strong>chrysostomus,</strong></span> <span class='ocrx_word' id='word_1_17' title='bbox 1009 548 1103 628; x_wconf 81' lang='lat' dir='ltr'><strong>cujus</strong></span> <span class='ocrx_word' id='word_1_18' title='bbox 1134 547 1206 612; x_wconf 87' lang='lat' dir='ltr'><strong>llo-</strong></span> 
     </span>
     <span class='ocr_line' id='line_1_4' title="bbox 101 625 1208 715; baseline -0.002 -17"><span class='ocrx_word' id='word_1_19' title='bbox 101 631 204 698; x_wconf 85' lang='lat' dir='ltr'><strong>milioc</strong></span> <span class='ocrx_word' id='word_1_20' title='bbox 224 635 266 696; x_wconf 75' lang='lat' dir='ltr'><strong>tt</strong></span> <span class='ocrx_word' id='word_1_21' title='bbox 291 629 337 695; x_wconf 87' lang='lat' dir='ltr'><strong>od</strong></span> <span class='ocrx_word' id='word_1_22' title='bbox 360 647 402 715; x_wconf 91' lang='lat' dir='ltr'><strong>po</strong></span> <span class='ocrx_word' id='word_1_23' title='bbox 428 629 514 693; x_wconf 87' lang='lat' dir='ltr'><strong>ulum</strong></span> <span class='ocrx_word' id='word_1_24' title='bbox 538 625 933 693; x_wconf 83' lang='lat' dir='ltr'><strong>Antiooheourosummis</strong></span> <span class='ocrx_word' id='word_1_25' title='bbox 963 627 1115 694; x_wconf 75' lang='lat' dir='ltr'><strong>laudibus</strong></span> <span class='ocrx_word' id='word_1_26' title='bbox 1145 651 1208 697; x_wconf 83' lang='lat' dir='ltr'><strong>ex-</strong></span> 
     </span>
     <span class='ocr_line' id='line_1_5' title="bbox 102 708 1204 797; baseline 0.003 -17"><span class='ocrx_word' id='word_1_27' title='bbox 102 717 168 782; x_wconf 89' lang='lat' dir='ltr'><strong>tolli</strong></span> <span class='ocrx_word' id='word_1_28' title='bbox 187 721 370 793; x_wconf 88' lang='lat' dir='ltr'><strong>merentur,</strong></span> <span class='ocrx_word' id='word_1_29' title='bbox 423 711 620 797; x_wconf 80' lang='lat' dir='ltr'><strong>.l⁴lphroem</strong></span> <span class='ocrx_word' id='word_1_30' title='bbox 642 708 763 795; x_wconf 83' lang='lat' dir='ltr'><strong>Syrus,</strong></span> <span class='ocrx_word' id='word_1_31' title='bbox 783 727 848 776; x_wconf 91' lang='lat' dir='ltr'><strong>nee</strong></span> <span class='ocrx_word' id='word_1_32' title='bbox 870 729 934 774; x_wconf 92' lang='lat' dir='ltr'><strong>noo</strong></span> <span class='ocrx_word' id='word_1_33' title='bbox 957 711 996 776; x_wconf 87' lang='lat' dir='ltr'><strong>S.</strong></span> <span class='ocrx_word' id='word_1_34' title='bbox 1018 711 1084 778; x_wconf 83' lang='lat' dir='ltr'><strong>(lre</strong></span> <span class='ocrx_word' id='word_1_35' title='bbox 1114 717 1204 783; x_wconf 86' lang='lat' dir='ltr'><strong>orius</strong></span> 
     </span>
     <span class='ocr_line' id='line_1_6' title="bbox 103 795 1205 882; baseline -0.002 -16"><span class='ocrx_word' id='word_1_36' title='bbox 103 803 356 872; x_wconf 70' lang='lat' dir='ltr'><strong>Nazianzenus,</strong></span> <span class='ocrx_word' id='word_1_37' title='bbox 385 797 442 882; x_wconf 79' lang='lat' dir='ltr'><strong>qui</strong></span> <span class='ocrx_word' id='word_1_38' title='bbox 468 803 578 861; x_wconf 84' lang='lat' dir='ltr'><strong>tameo</strong></span> <span class='ocrx_word' id='word_1_39' title='bbox 613 795 802 880; x_wconf 77' lang='lat' dir='ltr'><strong>frequenter</strong></span> <span class='ocrx_word' id='word_1_40' title='bbox 835 795 1016 862; x_wconf 84' lang='lat' dir='ltr'><strong>sublimiori</strong></span> <span class='ocrx_word' id='word_1_41' title='bbox 1047 811 1098 864; x_wconf 85' lang='lat' dir='ltr'><strong>col</strong></span> <span class='ocrx_word' id='word_1_42' title='bbox 1126 819 1205 866; x_wconf 89' lang='lat' dir='ltr'><strong>orno</strong></span> 
     </span>
     <span class='ocr_line' id='line_1_7' title="bbox 104 878 1208 968; baseline 0.003 -20"><span class='ocrx_word' id='word_1_43' title='bbox 104 883 235 968; x_wconf 79' lang='lat' dir='ltr'><strong>incedi13</strong></span> <span class='ocrx_word' id='word_1_44' title='bbox 258 901 304 949; x_wconf 87' lang='lat' dir='ltr'><strong>ex</strong></span> <span class='ocrx_word' id='word_1_45' title='bbox 326 881 460 947; x_wconf 83' lang='lat' dir='ltr'><strong>Latinis</strong></span> <span class='ocrx_word' id='word_1_46' title='bbox 487 897 568 944; x_wconf 88' lang='lat' dir='ltr'><strong>vero</strong></span> <span class='ocrx_word' id='word_1_47' title='bbox 597 878 635 944; x_wconf 84' lang='lat' dir='ltr'><strong>S.</strong></span> <span class='ocrx_word' id='word_1_48' title='bbox 669 879 877 966; x_wconf 77' lang='lat' dir='ltr'><strong>Augustinus</strong></span> <span class='ocrx_word' id='word_1_49' title='bbox 905 886 940 944; x_wconf 85' lang='lat' dir='ltr'><strong>el</strong></span> <span class='ocrx_word' id='word_1_50' title='bbox 972 879 1010 946; x_wconf 85' lang='lat' dir='ltr'><strong>S.</strong></span> <span class='ocrx_word' id='word_1_51' title='bbox 1041 883 1208 952; x_wconf 87' lang='lat' dir='ltr'><strong>htuximus</strong></span> 
     </span>
     <span class='ocr_line' id='line_1_8' title="bbox 107 961 1209 1053; baseline 0.001 -21"><span class='ocrx_word' id='word_1_52' title='bbox 107 968 332 1042; x_wconf 76' lang='lat' dir='ltr'><strong>rosenensis,</strong></span> <span class='ocrx_word' id='word_1_53' title='bbox 356 965 395 1031; x_wconf 83' lang='lat' dir='ltr'><strong>S.</strong></span> <span class='ocrx_word' id='word_1_54' title='bbox 420 966 491 1029; x_wconf 81' lang='lat' dir='ltr'><strong>beo</strong></span> <span class='ocrx_word' id='word_1_55' title='bbox 514 965 661 1052; x_wconf 81' lang='lat' dir='ltr'><strong>Magnus</strong></span> <span class='ocrx_word' id='word_1_56' title='bbox 690 969 723 1027; x_wconf 89' lang='lat' dir='ltr'><strong>et</strong></span> <span class='ocrx_word' id='word_1_57' title='bbox 751 961 789 1028; x_wconf 86' lang='lat' dir='ltr'><strong>S.</strong></span> <span class='ocrx_word' id='word_1_58' title='bbox 818 962 1005 1052; x_wconf 80' lang='lat' dir='ltr'><strong>Gregerius</strong></span> <span class='ocrx_word' id='word_1_59' title='bbox 1031 967 1096 1045; x_wconf 80' lang='lat' dir='ltr'><strong>oo,</strong></span> <span class='ocrx_word' id='word_1_60' title='bbox 1124 989 1209 1053; x_wconf 83' lang='lat' dir='ltr'><strong>quo-</strong></span> 
     </span>
     <span class='ocr_line' id='line_1_9' title="bbox 106 1044 1207 1136; baseline 0.003 -21"><span class='ocrx_word' id='word_1_61' title='bbox 106 1071 170 1116; x_wconf 89' lang='lat' dir='ltr'><strong>ron</strong></span> <span class='ocrx_word' id='word_1_62' title='bbox 190 1069 266 1116; x_wconf 78' lang='lat' dir='ltr'><strong>vero</strong></span> <span class='ocrx_word' id='word_1_63' title='bbox 288 1057 481 1136; x_wconf 87' lang='lat' dir='ltr'><strong>postremus</strong></span> <span class='ocrx_word' id='word_1_64' title='bbox 505 1048 690 1136; x_wconf 77' lang='lat' dir='ltr'><strong>allegorias</strong></span> <span class='ocrx_word' id='word_1_65' title='bbox 713 1044 788 1110; x_wconf 88' lang='lat' dir='ltr'><strong>hinc</strong></span> <span class='ocrx_word' id='word_1_66' title='bbox 810 1047 886 1112; x_wconf 87' lang='lat' dir='ltr'><strong>inde</strong></span> <span class='ocrx_word' id='word_1_67' title='bbox 899 1049 1029 1113; x_wconf 89' lang='lat' dir='ltr'><strong>nimium</strong></span> <span class='ocrx_word' id='word_1_68' title='bbox 1047 1059 1207 1134; x_wconf 83' lang='lat' dir='ltr'><strong>sectator,</strong></span> 
     </span>
     <span class='ocr_line' id='line_1_10' title="bbox 59 1129 1210 1222; baseline 0.006 -26"><span class='ocrx_word' id='word_1_69' title='bbox 59 1163 60 1166; x_wconf 36' lang='lat'>¹</span> <span class='ocrx_word' id='word_1_70' title='bbox 107 1153 194 1220; x_wconf 74' lang='lat' dir='ltr'><strong>qnam</strong></span> <span class='ocrx_word' id='word_1_71' title='bbox 213 1143 249 1200; x_wconf 91' lang='lat' dir='ltr'><strong>ut</strong></span> <span class='ocrx_word' id='word_1_72' title='bbox 270 1133 375 1199; x_wconf 91' lang='lat' dir='ltr'><strong>hodie</strong></span> <span class='ocrx_word' id='word_1_73' title='bbox 397 1151 458 1216; x_wconf 93' lang='lat' dir='ltr'><strong>per</strong></span> <span class='ocrx_word' id='word_1_74' title='bbox 480 1133 715 1216; x_wconf 86' lang='lat' dir='ltr'><strong>omniuposset</strong></span> <span class='ocrx_word' id='word_1_75' title='bbox 728 1129 888 1212; x_wconf 88' lang='lat' dir='ltr'><strong>adhiberi,</strong></span> <span class='ocrx_word' id='word_1_76' title='bbox 899 1136 1089 1219; x_wconf 87' lang='lat' dir='ltr'><strong>ceteroquin</strong></span> <span class='ocrx_word' id='word_1_77' title='bbox 1109 1155 1210 1222; x_wconf 87' lang='lat' dir='ltr'><strong>prae·</strong></span> 
     </span>
     <span class='ocr_line' id='line_1_11' title="bbox 109 1215 668 1304; baseline -0.011 -20"><span class='ocrx_word' id='word_1_78' title='bbox 109 1218 224 1284; x_wconf 84' lang='lat' dir='ltr'><strong>dicator</strong></span> <span class='ocrx_word' id='word_1_79' title='bbox 244 1219 344 1284; x_wconf 86' lang='lat' dir='ltr'><strong>verbi</strong></span> <span class='ocrx_word' id='word_1_80' title='bbox 366 1215 471 1284; x_wconf 90' lang='lat' dir='ltr'><strong>divini</strong></span> <span class='ocrx_word' id='word_1_81' title='bbox 494 1217 668 1304; x_wconf 82' lang='lat' dir='ltr'><strong>egregius.</strong></span> 
     </span>
    </p>
   </div>
   <div class='ocr_carea' id='block_1_3' title="bbox 110 1324 1214 2426">
    <p class='ocr_par' dir='ltr' id='par_1_3' title="bbox 110 1324 1214 2426">
     <span class='ocr_line' id='line_1_12' title="bbox 179 1324 1210 1418; baseline 0.006 -23"><span class='ocrx_word' id='word_1_82' title='bbox 179 1329 333 1416; x_wconf 81' lang='lat' dir='ltr'><strong>Denique</strong></span> <span class='ocrx_word' id='word_1_83' title='bbox 357 1334 392 1394; x_wconf 88' lang='lat' dir='ltr'><strong>ut</strong></span> <span class='ocrx_word' id='word_1_84' title='bbox 412 1346 547 1394; x_wconf 88' lang='lat' dir='ltr'><strong>munere</strong></span> <span class='ocrx_word' id='word_1_85' title='bbox 569 1325 730 1413; x_wconf 89' lang='lat' dir='ltr'><strong>postorali</strong></span> <span class='ocrx_word' id='word_1_86' title='bbox 744 1326 804 1391; x_wconf 91' lang='lat' dir='ltr'><strong>rite</strong></span> <span class='ocrx_word' id='word_1_87' title='bbox 817 1324 994 1413; x_wconf 77' lang='lat' dir='ltr'><strong>fungemur</strong></span> <span class='ocrx_word' id='word_1_88' title='bbox 1011 1331 1210 1418; x_wconf 74' lang='lat' dir='ltr'><strong>optimisque</strong></span> 
     </span>
     <span class='ocr_line' id='line_1_13' title="bbox 110 1407 1206 1501; baseline -0.001 -21"><span class='ocrx_word' id='word_1_89' title='bbox 110 1433 174 1480; x_wconf 84' lang='lat' dir='ltr'><strong>enm</strong></span> <span class='ocrx_word' id='word_1_90' title='bbox 194 1417 226 1479; x_wconf 94' lang='lat' dir='ltr'><strong>in</strong></span> <span class='ocrx_word' id='word_1_91' title='bbox 247 1413 349 1480; x_wconf 89' lang='lat' dir='ltr'><strong>hnem</strong></span> <span class='ocrx_word' id='word_1_92' title='bbox 379 1412 506 1501; x_wconf 87' lang='lat' dir='ltr'><strong>regulis</strong></span> <span class='ocrx_word' id='word_1_93' title='bbox 532 1411 731 1484; x_wconf 82' lang='lat' dir='ltr'><strong>imbuamur,</strong></span> <span class='ocrx_word' id='word_1_94' title='bbox 765 1417 897 1498; x_wconf 83' lang='lat' dir='ltr'><strong>praeter</strong></span> <span class='ocrx_word' id='word_1_95' title='bbox 921 1407 1033 1497; x_wconf 81' lang='lat' dir='ltr'><strong>Opera</strong></span> <span class='ocrx_word' id='word_1_96' title='bbox 1062 1413 1206 1484; x_wconf 77' lang='lat' dir='ltr'><strong>clericis</strong></span> 
     </span>
     <span class='ocr_line' id='line_1_14' title="bbox 110 1493 1206 1584; baseline -0.003 -20"><span class='ocrx_word' id='word_1_97' title='bbox 110 1499 251 1584; x_wconf 81' lang='lat' dir='ltr'><strong>soprato</strong></span> <span class='ocrx_word' id='word_1_98' title='bbox 272 1498 392 1584; x_wconf 86' lang='lat' dir='ltr'><strong>specie</strong></span> <span class='ocrx_word' id='word_1_99' title='bbox 414 1496 653 1569; x_wconf 79' lang='lat' dir='ltr'><strong>commendere,</strong></span> <span class='ocrx_word' id='word_1_100' title='bbox 676 1493 837 1580; x_wconf 81' lang='lat' dir='ltr'><strong>epistolas</strong></span> <span class='ocrx_word' id='word_1_101' title='bbox 854 1495 913 1556; x_wconf 87' lang='grc'><strong>88.</strong></span> <span class='ocrx_word' id='word_1_102' title='bbox 933 1497 1067 1564; x_wconf 81' lang='lat' dir='ltr'><strong>Petrum</strong></span> <span class='ocrx_word' id='word_1_103' title='bbox 1089 1501 1206 1568; x_wconf 85' lang='lat' dir='ltr'><strong>sedulo</strong></span> 
     </span>
     <span class='ocr_line' id='line_1_15' title="bbox 110 1579 1209 1669; baseline 0.003 -21"><span class='ocrx_word' id='word_1_104' title='bbox 110 1583 320 1666; x_wconf 78' lang='lat' dir='ltr'><strong>perlustrasse</strong></span> <span class='ocrx_word' id='word_1_105' title='bbox 347 1582 516 1667; x_wconf 91' lang='lat' dir='ltr'><strong>plurimum</strong></span> <span class='ocrx_word' id='word_1_106' title='bbox 529 1581 674 1664; x_wconf 79' lang='lat' dir='ltr'><strong>juvabit,</strong></span> <span class='ocrx_word' id='word_1_107' title='bbox 696 1579 870 1664; x_wconf 89' lang='lat' dir='ltr'><strong>inquibus</strong></span> <span class='ocrx_word' id='word_1_108' title='bbox 892 1581 997 1669; x_wconf 87' lang='lat' dir='ltr'><strong>omnis</strong></span> <span class='ocrx_word' id='word_1_109' title='bbox 1013 1581 1209 1667; x_wconf 81' lang='lat' dir='ltr'><strong>prudentiae</strong></span> 
     </span>
     <span class='ocr_line' id='line_1_16' title="bbox 111 1662 1209 1754; baseline 0.005 -24"><span class='ocrx_word' id='word_1_110' title='bbox 111 1668 303 1752; x_wconf 76' lang='lat' dir='ltr'><strong>nnoerbqoe</strong></span> <span class='ocrx_word' id='word_1_111' title='bbox 330 1665 510 1754; x_wconf 88' lang='lat' dir='ltr'><strong>pastoralis</strong></span> <span class='ocrx_word' id='word_1_112' title='bbox 531 1665 707 1730; x_wconf 88' lang='lat' dir='ltr'><strong>thesaurus</strong></span> <span class='ocrx_word' id='word_1_113' title='bbox 724 1662 913 1729; x_wconf 87' lang='lat' dir='ltr'><strong>reconditus</strong></span> <span class='ocrx_word' id='word_1_114' title='bbox 933 1673 1003 1741; x_wconf 65' lang='lat' dir='ltr'><strong>esu</strong></span> <span class='ocrx_word' id='word_1_115' title='bbox 1027 1685 1151 1746; x_wconf 81' lang='lat' dir='ltr'><strong>rernm,</strong></span> <span class='ocrx_word' id='word_1_116' title='bbox 1173 1677 1209 1736; x_wconf 91' lang='lat' dir='ltr'><strong>ut</strong></span> 
     </span>
     <span class='ocr_line' id='line_1_17' title="bbox 112 1747 1210 1835; baseline 0.002 -21"><span class='ocrx_word' id='word_1_117' title='bbox 112 1749 325 1817; x_wconf 85' lang='lat' dir='ltr'><strong>desideratum</strong></span> <span class='ocrx_word' id='word_1_118' title='bbox 347 1750 426 1816; x_wconf 88' lang='lat' dir='ltr'><strong>iude</strong></span> <span class='ocrx_word' id='word_1_119' title='bbox 448 1749 588 1814; x_wconf 82' lang='lat' dir='ltr'><strong>fructum</strong></span> <span class='ocrx_word' id='word_1_120' title='bbox 611 1747 850 1835; x_wconf 84' lang='lat' dir='ltr'><strong>percipiamus,</strong></span> <span class='ocrx_word' id='word_1_121' title='bbox 884 1749 1024 1832; x_wconf 83' lang='lat' dir='ltr'><strong>optimas</strong></span> <span class='ocrx_word' id='word_1_122' title='bbox 1054 1753 1113 1816; x_wconf 87' lang='grc'><strong>88.</strong></span> <span class='ocrx_word' id='word_1_123' title='bbox 1141 1753 1210 1818; x_wconf 85' lang='lat' dir='ltr'><strong>Po-</strong></span> 
     </span>
     <span class='ocr_line' id='line_1_18' title="bbox 111 1831 1211 1920; baseline 0.005 -22"><span class='ocrx_word' id='word_1_124' title='bbox 111 1841 187 1899; x_wconf 89' lang='lat' dir='ltr'><strong>trom</strong></span> <span class='ocrx_word' id='word_1_125' title='bbox 207 1835 374 1901; x_wconf 88' lang='lat' dir='ltr'><strong>editiones</strong></span> <span class='ocrx_word' id='word_1_126' title='bbox 396 1840 431 1900; x_wconf 88' lang='lat' dir='ltr'><strong>ul</strong></span> <span class='ocrx_word' id='word_1_127' title='bbox 454 1831 686 1910; x_wconf 80' lang='lat' dir='ltr'><strong>adhibeamus,</strong></span> <span class='ocrx_word' id='word_1_128' title='bbox 710 1831 808 1916; x_wconf 90' lang='lat' dir='ltr'><strong>plone</strong></span> <span class='ocrx_word' id='word_1_129' title='bbox 831 1849 974 1912; x_wconf 84' lang='lat' dir='ltr'><strong>necesse</strong></span> <span class='ocrx_word' id='word_1_130' title='bbox 996 1839 1066 1912; x_wconf 89' lang='lat' dir='ltr'><strong>est,</strong></span> <span class='ocrx_word' id='word_1_131' title='bbox 1097 1841 1211 1920; x_wconf 88' lang='lat' dir='ltr'><strong>utpute</strong></span> 
     </span>
     <span class='ocr_line' id='line_1_19' title="bbox 114 1913 1214 2006; baseline 0.004 -24"><span class='ocrx_word' id='word_1_132' title='bbox 114 1918 274 2004; x_wconf 82' lang='lat' dir='ltr'><strong>inquibus</strong></span> <span class='ocrx_word' id='word_1_133' title='bbox 296 1917 465 2006; x_wconf 85' lang='lat' dir='ltr'><strong>epistolae</strong></span> <span class='ocrx_word' id='word_1_134' title='bbox 486 1919 571 1983; x_wconf 83' lang='lat' dir='ltr'><strong>istae</strong></span> <span class='ocrx_word' id='word_1_135' title='bbox 594 1916 710 1983; x_wconf 91' lang='lat' dir='ltr'><strong>ordine</strong></span> <span class='ocrx_word' id='word_1_136' title='bbox 733 1913 970 2002; x_wconf 83' lang='lat' dir='ltr'><strong>chronologico</strong></span> <span class='ocrx_word' id='word_1_137' title='bbox 992 1921 1073 2000; x_wconf 88' lang='lat' dir='ltr'><strong>apte</strong></span> <span class='ocrx_word' id='word_1_138' title='bbox 1095 1918 1214 2003; x_wconf 89' lang='lat' dir='ltr'><strong>dispo·</strong></span> 
     </span>
     <span class='ocr_line' id='line_1_20' title="bbox 112 1999 1211 2088; baseline 0.004 -22"><span class='ocrx_word' id='word_1_139' title='bbox 112 2003 193 2068; x_wconf 80' lang='lat' dir='ltr'><strong>sitae</strong></span> <span class='ocrx_word' id='word_1_140' title='bbox 214 2010 306 2080; x_wconf 89' lang='lat' dir='ltr'><strong>suut,</strong></span> <span class='ocrx_word' id='word_1_141' title='bbox 343 2002 560 2088; x_wconf 90' lang='lat' dir='ltr'><strong>nequeenim</strong></span> <span class='ocrx_word' id='word_1_142' title='bbox 588 1999 654 2067; x_wconf 91' lang='lat' dir='ltr'><strong>nisi</strong></span> <span class='ocrx_word' id='word_1_143' title='bbox 677 2001 767 2084; x_wconf 88' lang='lat' dir='ltr'><strong>justo</strong></span> <span class='ocrx_word' id='word_1_144' title='bbox 797 2006 934 2064; x_wconf 82' lang='lat' dir='ltr'><strong>servato</strong></span> <span class='ocrx_word' id='word_1_145' title='bbox 963 2000 1079 2068; x_wconf 89' lang='lat' dir='ltr'><strong>ordine</strong></span> <span class='ocrx_word' id='word_1_146' title='bbox 1109 2023 1211 2070; x_wconf 82' lang='lat' dir='ltr'><strong>verus</strong></span> 
     </span>
     <span class='ocr_line' id='line_1_21' title="bbox 112 2081 1211 2232; baseline 0.002 -80"><span class='ocrx_word' id='word_1_147' title='bbox 112 2087 277 2154; x_wconf 84' lang='lat' dir='ltr'><strong>earundem</strong></span> <span class='ocrx_word' id='word_1_148' title='bbox 300 2105 427 2154; x_wconf 86' lang='lat' dir='ltr'><strong>sensus</strong></span> <span class='ocrx_word' id='word_1_149' title='bbox 449 2085 592 2174; x_wconf 82' lang='lat' dir='ltr'><strong>intelligi</strong></span> <span class='ocrx_word' id='word_1_150' title='bbox 614 2090 744 2232; x_wconf 70' lang='lat' dir='ltr'><strong>potest,</strong></span> <span class='ocrx_word' id='word_1_151' title='bbox 759 2153 763 2160; x_wconf 61' lang='grc'><em>,</em></span> <span class='ocrx_word' id='word_1_152' title='bbox 778 2101 862 2182; x_wconf 34' lang='lat' dir='ltr'><strong>,erro</strong></span> <span class='ocrx_word' id='word_1_153' title='bbox 885 2081 1022 2152; x_wconf 83' lang='lat' dir='ltr'><strong>additae</strong></span> <span class='ocrx_word' id='word_1_154' title='bbox 1050 2086 1149 2154; x_wconf 89' lang='lat' dir='ltr'><strong>etiam</strong></span> <span class='ocrx_word' id='word_1_155' title='bbox 1176 2087 1211 2154; x_wconf 89' lang='lat' dir='ltr'><strong>iu</strong></span> 
     </span>
     <span class='ocr_line' id='line_1_22' title="bbox 111 2167 1211 2238; baseline 0.002 -2"><span class='ocrx_word' id='word_1_156' title='bbox 111 2171 178 2236; x_wconf 84' lang='lat' dir='ltr'><strong>istis</strong></span> <span class='ocrx_word' id='word_1_157' title='bbox 199 2171 399 2238; x_wconf 86' lang='lat' dir='ltr'><strong>editionibus</strong></span> <span class='ocrx_word' id='word_1_158' title='bbox 414 2167 586 2236; x_wconf 82' lang='lat' dir='ltr'><strong>Vindicius</strong></span> <span class='ocrx_word' id='word_1_159' title='bbox 607 2170 696 2234; x_wconf 91' lang='lat' dir='ltr'><strong>ilios</strong></span> <span class='ocrx_word' id='word_1_160' title='bbox 714 2185 751 2234; x_wconf 89' lang='lat' dir='ltr'><strong>or</strong></span> <span class='ocrx_word' id='word_1_161' title='bbox 777 2186 839 2232; x_wconf 85' lang='lat' dir='ltr'><strong>roos</strong></span> <span class='ocrx_word' id='word_1_162' title='bbox 856 2167 1010 2234; x_wconf 89' lang='lat' dir='ltr'><strong>obronolo</strong></span> <span class='ocrx_word' id='word_1_163' title='bbox 1040 2171 1211 2238; x_wconf 90' lang='lat' dir='ltr'><strong>ico-histo-</strong></span> 
     </span>
     <span class='ocr_line' id='line_1_23' title="bbox 112 2189 1212 2406; baseline 0.005 -88"><span class='ocrx_word' id='word_1_164' title='bbox 112 2255 193 2322; x_wconf 88' lang='lat' dir='ltr'><strong>rieue</strong></span> <span class='ocrx_word' id='word_1_165' title='bbox 214 2259 315 2406; x_wconf 72' lang='lat' dir='ltr'><strong>pullo</strong></span> <span class='ocrx_word' id='word_1_166' title='bbox 342 2253 383 2321; x_wconf 83' lang='lat' dir='ltr'><strong>od</strong></span> <span class='ocrx_word' id='word_1_167' title='bbox 402 2253 582 2322; x_wconf 79' lang='lat' dir='ltr'><strong>faciliorem</strong></span> <span class='ocrx_word' id='word_1_168' title='bbox 605 2252 940 2338; x_wconf 82' lang='lat' dir='ltr'><strong>rectamqneistnrum</strong></span> <span class='ocrx_word' id='word_1_169' title='bbox 953 2189 1212 2344; x_wconf 52' lang='lat' dir='ltr'><strong>inteiligenoom</strong></span> 
     </span>
     <span class='ocr_line' id='line_1_24' title="bbox 114 2348 333 2426; baseline 0.023 -24"><span class='ocrx_word' id='word_1_170' title='bbox 114 2358 214 2426; x_wconf 79' lang='lat' dir='ltr'><strong>ruppe</strong></span> <span class='ocrx_word' id='word_1_171' title='bbox 239 2348 333 2407; x_wconf 82' lang='lat' dir='ltr'><strong>itant.</strong></span> 
     </span>
    </p>
   </div>
   <div class='ocr_carea' id='block_1_4' title="bbox 602 2493 714 2580">
    <p class='ocr_par' dir='ltr' id='par_1_4' title="bbox 602 2493 714 2580">
     <span class='ocr_line' id='line_1_25' title="bbox 602 2493 714 2580; baseline -0.027 -10"><span class='ocrx_word' id='word_1_172' title='bbox 602 2493 639 2580; x_wconf 68' lang='lat' dir='ltr'><strong>S.</strong></span> <span class='ocrx_word' id='word_1_173' title='bbox 662 2503 714 2569; x_wconf 84' lang='grc'><strong>48.</strong></span> 
     </span>
    </p>
   </div>
   <div class='ocr_carea' id='block_1_5' title="bbox 276 2643 1051 2731">
    <p class='ocr_par' dir='ltr' id='par_1_5' title="bbox 276 2643 1051 2731">
     <span class='ocr_line' id='line_1_26' title="bbox 276 2643 1051 2731; baseline 0 -23"><span class='ocrx_word' id='word_1_174' title='bbox 276 2644 327 2709; x_wconf 82' lang='lat' dir='ltr'><strong>lle</strong></span> <span class='ocrx_word' id='word_1_175' title='bbox 344 2647 514 2731; x_wconf 76' lang='lat' dir='ltr'><strong>religendis</strong></span> <span class='ocrx_word' id='word_1_176' title='bbox 531 2644 686 2729; x_wconf 73' lang='lat' dir='ltr'><strong>Operibus</strong></span> <span class='ocrx_word' id='word_1_177' title='bbox 709 2643 842 2707; x_wconf 81' lang='lat' dir='ltr'><strong>Putrem</strong></span> <span class='ocrx_word' id='word_1_178' title='bbox 865 2645 1051 2728; x_wconf 74' lang='lat' dir='ltr'><strong>exegeticis.</strong></span> 
     </span>
    </p>
   </div>
   <div class='ocr_carea' id='block_1_6' title="bbox 110 2809 1217 4330">
    <p class='ocr_par' dir='ltr' id='par_1_6' title="bbox 110 2809 1217 4330">
     <span class='ocr_line' id='line_1_27' title="bbox 146 2809 1213 2898; baseline 0.001 -19"><span class='ocrx_word' id='word_1_179' title='bbox 146 2831 150 2840; x_wconf 90' lang='lat'>·</span> <span class='ocrx_word' id='word_1_180' title='bbox 192 2809 253 2894; x_wconf 78' lang='lat' dir='ltr'><strong>(lui</strong></span> <span class='ocrx_word' id='word_1_181' title='bbox 275 2810 414 2880; x_wconf 86' lang='lat' dir='ltr'><strong>ducibus</strong></span> <span class='ocrx_word' id='word_1_182' title='bbox 442 2812 503 2878; x_wconf 92' lang='grc'><strong>88.</strong></span> <span class='ocrx_word' id='word_1_183' title='bbox 525 2814 681 2882; x_wconf 79' lang='lat' dir='ltr'><strong>Patribus</strong></span> <span class='ocrx_word' id='word_1_184' title='bbox 703 2813 846 2879; x_wconf 78' lang='lat' dir='ltr'><strong>serutari</strong></span> <span class='ocrx_word' id='word_1_185' title='bbox 866 2813 981 2879; x_wconf 86' lang='lat' dir='ltr'><strong>volout</strong></span> <span class='ocrx_word' id='word_1_186' title='bbox 1002 2810 1041 2879; x_wconf 85' lang='lat' dir='ltr'><strong>S.</strong></span> <span class='ocrx_word' id='word_1_187' title='bbox 1063 2810 1213 2898; x_wconf 81' lang='lat' dir='ltr'><strong>Scriptu-</strong></span> 
     </span>
     <span class='ocr_line' id='line_1_28' title="bbox 114 2896 1213 2985; baseline 0.003 -23"><span class='ocrx_word' id='word_1_188' title='bbox 114 2913 187 2978; x_wconf 86' lang='lat' dir='ltr'><strong>ram,</strong></span> <span class='ocrx_word' id='word_1_189' title='bbox 204 2900 306 2984; x_wconf 92' lang='lat' dir='ltr'><strong>primo</strong></span> <span class='ocrx_word' id='word_1_190' title='bbox 330 2898 461 2984; x_wconf 83' lang='lat' dir='ltr'><strong>quidem</strong></span> <span class='ocrx_word' id='word_1_191' title='bbox 483 2899 644 2985; x_wconf 86' lang='lat' dir='ltr'><strong>principio</strong></span> <span class='ocrx_word' id='word_1_192' title='bbox 665 2899 830 2984; x_wconf 80' lang='lat' dir='ltr'><strong>indagare</strong></span> <span class='ocrx_word' id='word_1_193' title='bbox 858 2896 997 2977; x_wconf 88' lang='lat' dir='ltr'><strong>debent,</strong></span> <span class='ocrx_word' id='word_1_194' title='bbox 1024 2917 1067 2965; x_wconf 83' lang='lat' dir='ltr'><strong>ex</strong></span> <span class='ocrx_word' id='word_1_195' title='bbox 1095 2901 1213 2985; x_wconf 76' lang='lat' dir='ltr'><strong>nuribus</strong></span> 
     </span>
     <span class='ocr_line' id='line_1_29' title="bbox 113 2983 1212 3155; baseline 0.002 -25"><span class='ocrx_word' id='word_1_196' title='bbox 113 2983 682 3155; x_wconf 62' lang='lat' dir='ltr'><strong>ltlblssllllbtlttll‘lul</strong></span> <span class='ocrx_word' id='word_1_197' title='bbox 712 2983 1212 3134; x_wconf 64' lang='lat' dir='ltr'><strong>lllllllnleebbl,llll</strong></span> 
     </span>
     <span class='ocr_line' id='line_1_30' title="bbox 115 3089 1213 3239; baseline 0.005 -26"><span class='ocrx_word' id='word_1_198' title='bbox 115 3151 335 3234; x_wconf 71' lang='lat' dir='ltr'><strong>praemittendi</strong></span> <span class='ocrx_word' id='word_1_199' title='bbox 356 3163 436 3218; x_wconf 89' lang='lat' dir='ltr'><strong>suut</strong></span> <span class='ocrx_word' id='word_1_200' title='bbox 458 3151 493 3213; x_wconf 93' lang='grc'><strong>8.</strong></span> <span class='ocrx_word' id='word_1_201' title='bbox 513 3089 787 3239; x_wconf 63' lang='grc' dir='ltr'>Αυὲιιεῑίηἰρίἰὴή</span> <span class='ocrx_word' id='word_1_202' title='bbox 811 3149 853 3215; x_wconf 88' lang='lat' dir='ltr'><strong>de</strong></span> <span class='ocrx_word' id='word_1_203' title='bbox 874 3151 1025 3218; x_wconf 88' lang='lat' dir='ltr'><strong>doctrine</strong></span> <span class='ocrx_word' id='word_1_204' title='bbox 1048 3150 1213 3218; x_wconf 82' lang='lat' dir='ltr'><strong>Christis-</strong></span> 
     </span>
     <span class='ocr_line' id='line_1_31' title="bbox 117 3233 1212 3323; baseline 0.005 -29"><span class='ocrx_word' id='word_1_205' title='bbox 117 3249 158 3296; x_wconf 87' lang='lat' dir='ltr'><strong>no</strong></span> <span class='ocrx_word' id='word_1_206' title='bbox 182 3243 213 3299; x_wconf 85' lang='lat' dir='ltr'><strong>et</strong></span> <span class='ocrx_word' id='word_1_207' title='bbox 241 3243 377 3320; x_wconf 89' lang='lat' dir='ltr'><strong>praeter</strong></span> <span class='ocrx_word' id='word_1_208' title='bbox 406 3235 441 3299; x_wconf 84' lang='lat' dir='ltr'><strong>S.</strong></span> <span class='ocrx_word' id='word_1_209' title='bbox 473 3235 664 3323; x_wconf 85' lang='lat' dir='ltr'><strong>Hieronymi</strong></span> <span class='ocrx_word' id='word_1_210' title='bbox 697 3233 931 3301; x_wconf 84' lang='lat' dir='ltr'><strong>Prnefntiones</strong></span> <span class='ocrx_word' id='word_1_211' title='bbox 967 3238 999 3299; x_wconf 94' lang='lat' dir='ltr'><strong>in</strong></span> <span class='ocrx_word' id='word_1_212' title='bbox 1029 3235 1149 3301; x_wconf 91' lang='lat' dir='ltr'><strong>multus</strong></span> <span class='ocrx_word' id='word_1_213' title='bbox 1177 3238 1212 3299; x_wconf 84' lang='grc'><strong>8.</strong></span> 
     </span>
     <span class='ocr_line' id='line_1_32' title="bbox 117 3313 1214 3407; baseline 0.002 -26"><span class='ocrx_word' id='word_1_214' title='bbox 117 3313 299 3403; x_wconf 69' lang='lat' dir='ltr'><strong>scripturae</strong></span> <span class='ocrx_word' id='word_1_215' title='bbox 321 3320 424 3385; x_wconf 83' lang='lat' dir='ltr'><strong>libras</strong></span> <span class='ocrx_word' id='word_1_216' title='bbox 445 3322 595 3404; x_wconf 76' lang='lat' dir='ltr'><strong>ejusdem</strong></span> <span class='ocrx_word' id='word_1_217' title='bbox 619 3321 763 3407; x_wconf 82' lang='lat' dir='ltr'><strong>epistola</strong></span> <span class='ocrx_word' id='word_1_218' title='bbox 785 3313 888 3406; x_wconf 78' lang='lat'><strong>(53.)</strong></span> <span class='ocrx_word' id='word_1_219' title='bbox 909 3319 953 3383; x_wconf 93' lang='lat' dir='ltr'><strong>ad</strong></span> <span class='ocrx_word' id='word_1_220' title='bbox 968 3319 1151 3395; x_wconf 88' lang='lat' dir='ltr'><strong>Paulinum,</strong></span> <span class='ocrx_word' id='word_1_221' title='bbox 1174 3335 1214 3384; x_wconf 87' lang='lat' dir='ltr'><strong>ac</strong></span> 
     </span>
     <span class='ocr_line' id='line_1_33' title="bbox 117 3399 1214 3502; baseline 0.004 -38"><span class='ocrx_word' id='word_1_222' title='bbox 117 3399 246 3498; x_wconf 78' lang='lat' dir='ltr'><strong>denique</strong></span> <span class='ocrx_word' id='word_1_223' title='bbox 268 3405 305 3468; x_wconf 90' lang='grc'><strong>8.</strong></span> <span class='ocrx_word' id='word_1_224' title='bbox 329 3403 504 3502; x_wconf 80' lang='lat' dir='ltr'><strong>Athanasii</strong></span> <span class='ocrx_word' id='word_1_225' title='bbox 526 3402 619 3491; x_wconf 81' lang='lat' dir='ltr'><strong>Opus</strong></span> <span class='ocrx_word' id='word_1_226' title='bbox 642 3404 792 3478; x_wconf 90' lang='lat' dir='ltr'><strong>dubium,</strong></span> <span class='ocrx_word' id='word_1_227' title='bbox 819 3400 905 3488; x_wconf 87' lang='lat' dir='ltr'><strong>qnod</strong></span> <span class='ocrx_word' id='word_1_228' title='bbox 930 3403 1120 3467; x_wconf 85' lang='lat' dir='ltr'><strong>inscribitur</strong></span> <span class='ocrx_word' id='word_1_229' title='bbox 1141 3400 1214 3484; x_wconf 82' lang='lat' dir='ltr'><strong>Sy·</strong></span> 
     </span>
     <span class='ocr_line' id='line_1_34' title="bbox 114 3485 1216 3668; baseline 0.009 -40"><span class='ocrx_word' id='word_1_230' title='bbox 114 3486 980 3668; x_wconf 54' lang='lat' dir='ltr'><strong>sustineretur..prosiluere</strong></span> <span class='ocrx_word' id='word_1_231' title='bbox 996 3485 1216 3668; x_wconf 57' lang='lat' dir='ltr'><strong>,risula</strong></span> 
     </span>
     <span class='ocr_line' id='line_1_35' title="bbox 115 3653 1216 3740; baseline 0.005 -26"><span class='ocrx_word' id='word_1_232' title='bbox 115 3667 166 3717; x_wconf 86' lang='lat' dir='ltr'><strong>eos</strong></span> <span class='ocrx_word' id='word_1_233' title='bbox 184 3653 218 3720; x_wconf 86' lang='lat' dir='ltr'><strong>S.</strong></span> <span class='ocrx_word' id='word_1_234' title='bbox 242 3654 410 3732; x_wconf 84' lang='lat' dir='ltr'><strong>Basilius,</strong></span> <span class='ocrx_word' id='word_1_235' title='bbox 439 3655 527 3722; x_wconf 91' lang='lat' dir='ltr'><strong>iuter</strong></span> <span class='ocrx_word' id='word_1_236' title='bbox 554 3658 697 3723; x_wconf 83' lang='lat' dir='ltr'><strong>Latinos</strong></span> <span class='ocrx_word' id='word_1_237' title='bbox 718 3673 801 3721; x_wconf 90' lang='lat' dir='ltr'><strong>vero</strong></span> <span class='ocrx_word' id='word_1_238' title='bbox 828 3654 863 3718; x_wconf 89' lang='grc'><strong>8.</strong></span> <span class='ocrx_word' id='word_1_239' title='bbox 888 3655 1129 3739; x_wconf 80' lang='lat' dir='ltr'><strong>Hieronymus,</strong></span> <span class='ocrx_word' id='word_1_240' title='bbox 1160 3675 1216 3740; x_wconf 81' lang='lat' dir='ltr'><strong>quo</strong></span> 
     </span>
     <span class='ocr_line' id='line_1_36' title="bbox 115 3732 1215 3828; baseline 0.008 -31"><span class='ocrx_word' id='word_1_241' title='bbox 115 3732 232 3804; x_wconf 86' lang='lat' dir='ltr'><strong>literam</strong></span> <span class='ocrx_word' id='word_1_242' title='bbox 255 3741 291 3802; x_wconf 89' lang='grc'><strong>8.</strong></span> <span class='ocrx_word' id='word_1_243' title='bbox 315 3737 451 3805; x_wconf 84' lang='lat' dir='ltr'><strong>Codicis</strong></span> <span class='ocrx_word' id='word_1_244' title='bbox 472 3743 649 3828; x_wconf 88' lang='lat' dir='ltr'><strong>perspicue</strong></span> <span class='ocrx_word' id='word_1_245' title='bbox 670 3740 866 3824; x_wconf 78' lang='lat' dir='ltr'><strong>eruditeque</strong></span> <span class='ocrx_word' id='word_1_246' title='bbox 887 3739 1043 3826; x_wconf 85' lang='lat' dir='ltr'><strong>exponit3</strong></span> <span class='ocrx_word' id='word_1_247' title='bbox 1067 3738 1111 3805; x_wconf 89' lang='lat' dir='ltr'><strong>de</strong></span> <span class='ocrx_word' id='word_1_248' title='bbox 1131 3757 1215 3806; x_wconf 86' lang='lat' dir='ltr'><strong>seo-</strong></span> 
     </span>
     <span class='ocr_line' id='line_1_37' title="bbox 115 3821 1216 3910; baseline 0.007 -30"><span class='ocrx_word' id='word_1_249' title='bbox 115 3833 151 3882; x_wconf 86' lang='lat' dir='ltr'><strong>su</strong></span> <span class='ocrx_word' id='word_1_250' title='bbox 169 3823 282 3888; x_wconf 77' lang='lat' dir='ltr'><strong>noroli</strong></span> <span class='ocrx_word' id='word_1_251' title='bbox 305 3821 409 3890; x_wconf 90' lang='lat' dir='ltr'><strong>adeat</strong></span> <span class='ocrx_word' id='word_1_252' title='bbox 429 3824 537 3890; x_wconf 89' lang='lat' dir='ltr'><strong>lector</strong></span> <span class='ocrx_word' id='word_1_253' title='bbox 565 3828 600 3889; x_wconf 90' lang='grc'><strong>8.</strong></span> <span class='ocrx_word' id='word_1_254' title='bbox 623 3823 913 3910; x_wconf 74' lang='lat' dir='ltr'><strong>chrysostomum,</strong></span> <span class='ocrx_word' id='word_1_255' title='bbox 936 3826 1159 3910; x_wconf 86' lang='lat' dir='ltr'><strong>Augostinum</strong></span> <span class='ocrx_word' id='word_1_256' title='bbox 1181 3829 1216 3892; x_wconf 89' lang='lat' dir='ltr'><strong>et</strong></span> 
     </span>
     <span class='ocr_line' id='line_1_38' title="bbox 115 3898 1217 3994; baseline 0.005 -28"><span class='ocrx_word' id='word_1_257' title='bbox 115 3898 305 3992; x_wconf 73' lang='lat' dir='ltr'><strong>(tragurium</strong></span> <span class='ocrx_word' id='word_1_258' title='bbox 327 3907 398 3987; x_wconf 80' lang='grc' dir='ltr'><strong>Μ..</strong></span> <span class='ocrx_word' id='word_1_259' title='bbox 419 3909 476 3994; x_wconf 80' lang='lat' dir='ltr'><strong>oui</strong></span> <span class='ocrx_word' id='word_1_260' title='bbox 498 3927 611 3974; x_wconf 88' lang='lat' dir='ltr'><strong>omnes</strong></span> <span class='ocrx_word' id='word_1_261' title='bbox 633 3910 722 3975; x_wconf 91' lang='lat' dir='ltr'><strong>illins</strong></span> <span class='ocrx_word' id='word_1_262' title='bbox 745 3909 858 3994; x_wconf 84' lang='lat' dir='ltr'><strong>copies</strong></span> <span class='ocrx_word' id='word_1_263' title='bbox 880 3925 1058 3993; x_wconf 81' lang='lat' dir='ltr'><strong>omnesque</strong></span> <span class='ocrx_word' id='word_1_264' title='bbox 1080 3909 1217 3976; x_wconf 85' lang='lat' dir='ltr'><strong>divitias</strong></span> 
     </span>
     <span class='ocr_line' id='line_1_39' title="bbox 115 3985 1217 4086; baseline 0 -32"><span class='ocrx_word' id='word_1_265' title='bbox 115 3985 267 4059; x_wconf 81' lang='lat' dir='ltr'><strong>uberrime</strong></span> <span class='ocrx_word' id='word_1_266' title='bbox 305 3992 498 4076; x_wconf 78' lang='lat' dir='ltr'><strong>contioent3</strong></span> <span class='ocrx_word' id='word_1_267' title='bbox 534 3992 643 4078; x_wconf 85' lang='lat' dir='ltr'><strong>quood</strong></span> <span class='ocrx_word' id='word_1_268' title='bbox 676 4013 811 4059; x_wconf 88' lang='lat' dir='ltr'><strong>sensum</strong></span> <span class='ocrx_word' id='word_1_269' title='bbox 846 3992 1081 4080; x_wconf 81' lang='lat' dir='ltr'><strong>allegoricum,</strong></span> <span class='ocrx_word' id='word_1_270' title='bbox 1120 4007 1217 4086; x_wconf 82' lang='lat' dir='ltr'><strong>quem</strong></span> 
     </span>
     <span class='ocr_line' id='line_1_40' title="bbox 112 4067 1217 4166; baseline -0.006 -24"><span class='ocrx_word' id='word_1_271' title='bbox 112 4067 375 4158; x_wconf 68' lang='lat' dir='ltr'><strong>frequentissime</strong></span> <span class='ocrx_word' id='word_1_272' title='bbox 396 4077 483 4142; x_wconf 87' lang='lat' dir='ltr'><strong>eruit</strong></span> <span class='ocrx_word' id='word_1_273' title='bbox 494 4071 669 4166; x_wconf 73' lang='lat' dir='ltr'><strong>¹Origines,</strong></span> <span class='ocrx_word' id='word_1_274' title='bbox 690 4077 821 4144; x_wconf 88' lang='lat' dir='ltr'><strong>modum</strong></span> <span class='ocrx_word' id='word_1_275' title='bbox 842 4078 942 4144; x_wconf 82' lang='lat' dir='ltr'><strong>ctiam</strong></span> <span class='ocrx_word' id='word_1_276' title='bbox 959 4078 1142 4152; x_wconf 86' lang='lat' dir='ltr'><strong>excedens,</strong></span> <span class='ocrx_word' id='word_1_277' title='bbox 1164 4090 1217 4136; x_wconf 91' lang='lat' dir='ltr'><strong>m-</strong></span> 
     </span>
     <span class='ocr_line' id='line_1_41' title="bbox 111 4151 1216 4249; baseline -0.005 -24"><span class='ocrx_word' id='word_1_278' title='bbox 111 4151 207 4244; x_wconf 77' lang='lat' dir='ltr'><strong>daget</strong></span> <span class='ocrx_word' id='word_1_279' title='bbox 238 4159 415 4227; x_wconf 65' lang='lat' dir='ltr'><strong>studiosos</strong></span> <span class='ocrx_word' id='word_1_280' title='bbox 447 4161 553 4227; x_wconf 88' lang='lat' dir='ltr'><strong>lector</strong></span> <span class='ocrx_word' id='word_1_281' title='bbox 583 4162 619 4223; x_wconf 91' lang='grc'><strong>8.</strong></span> <span class='ocrx_word' id='word_1_282' title='bbox 650 4160 849 4249; x_wconf 81' lang='lat' dir='ltr'><strong>Gregorium</strong></span> <span class='ocrx_word' id='word_1_283' title='bbox 884 4161 1078 4245; x_wconf 88' lang='lat' dir='ltr'><strong>Nysscoum</strong></span> <span class='ocrx_word' id='word_1_284' title='bbox 1109 4161 1144 4220; x_wconf 86' lang='lat' dir='ltr'><strong>et</strong></span> <span class='ocrx_word' id='word_1_285' title='bbox 1180 4152 1216 4216; x_wconf 81' lang='grc'><strong>8.</strong></span> 
     </span>
     <span class='ocr_line' id='line_1_42' title="bbox 110 4238 1217 4330; baseline -0.005 -25"><span class='ocrx_word' id='word_1_286' title='bbox 110 4238 333 4325; x_wconf 75' lang='lat' dir='ltr'><strong>omousion,</strong></span> <span class='ocrx_word' id='word_1_287' title='bbox 362 4245 399 4309; x_wconf 91' lang='grc'><strong>8.</strong></span> <span class='ocrx_word' id='word_1_288' title='bbox 425 4242 583 4330; x_wconf 74' lang='lat' dir='ltr'><strong>Gyrtllom</strong></span> <span class='ocrx_word' id='word_1_289' title='bbox 619 4243 883 4311; x_wconf 78' lang='lat' dir='ltr'><strong>Alexandrinum</strong></span> <span class='ocrx_word' id='word_1_290' title='bbox 916 4251 952 4309; x_wconf 87' lang='lat' dir='ltr'><strong>et</strong></span> <span class='ocrx_word' id='word_1_291' title='bbox 982 4238 1217 4324; x_wconf 79' lang='lat' dir='ltr'><strong>Augustinom,</strong></span> 
     </span>
    </p>
   </div>
   <div class='ocr_carea' id='block_1_7' title="bbox 0 0 1461 4660">
    <p class='ocr_par' dir='ltr' id='par_1_7' title="bbox 0 0 1461 4660">
     <span class='ocr_line' id='line_1_43' title="bbox 0 0 1461 4660; baseline 0 0"><span class='ocrx_word' id='word_1_292' title='bbox 0 0 1461 4660; x_wconf 95' lang='lat' dir='ltr'><strong> </strong></span> 
     </span>
    </p>
   </div>
  </div>
 </body>
</html>
