<?xml version="1.0" encoding="UTF-8"?>
<!DOCTYPE html PUBLIC "-//W3C//DTD XHTML 1.0 Transitional//EN"
    "http://www.w3.org/TR/xhtml1/DTD/xhtml1-transitional.dtd">
<html xmlns="http://www.w3.org/1999/xhtml" xml:lang="en" lang="en">
 <head>
  <title>
</title>
<meta http-equiv="Content-Type" content="text/html;charset=utf-8" />
  <meta name='ocr-system' content='tesseract 3.04.00' />
  <meta name='ocr-capabilities' content='ocr_page ocr_carea ocr_par ocr_line ocrx_word'/>
</head>
<body>
  <div class='ocr_page' id='page_1' title='image "./institutionespa01fessgoog_0280.png"; bbox 0 0 2948 4662; ppageno 0'>
   <div class='ocr_carea' id='block_1_1' title="bbox 127 510 1312 1693">
    <p class='ocr_par' dir='ltr' id='par_1_1' title="bbox 127 510 1312 1194">
     <span class='ocr_line' id='line_1_1' title="bbox 127 510 1246 602; baseline 0.011 -21"><span class='ocrx_word' id='word_1_1' title='bbox 127 520 196 594; x_wconf 84' lang='lat' dir='ltr'><strong>rat,</strong></span> <span class='ocrx_word' id='word_1_2' title='bbox 219 515 339 581; x_wconf 87' lang='lat' dir='ltr'><strong>iterum</strong></span> <span class='ocrx_word' id='word_1_3' title='bbox 362 512 473 580; x_wconf 88' lang='lat' dir='ltr'><strong>medio</strong></span> <span class='ocrx_word' id='word_1_4' title='bbox 494 511 558 581; x_wconf 89' lang='lat' dir='ltr'><strong>hoc</strong></span> <span class='ocrx_word' id='word_1_5' title='bbox 577 510 728 593; x_wconf 85' lang='lat' dir='ltr'><strong>saeculo,</strong></span> <span class='ocrx_word' id='word_1_6' title='bbox 751 514 895 602; x_wconf 86' lang='lat' dir='ltr'><strong>deniqne</strong></span> <span class='ocrx_word' id='word_1_7' title='bbox 917 515 980 584; x_wconf 90' lang='lat' dir='ltr'><strong>snb</strong></span> <span class='ocrx_word' id='word_1_8' title='bbox 1001 517 1095 586; x_wconf 89' lang='lat' dir='ltr'><strong>initia</strong></span> <span class='ocrx_word' id='word_1_9' title='bbox 1115 524 1246 592; x_wconf 89' lang='lat' dir='ltr'><strong>saeculi</strong></span> 
     </span>
     <span class='ocr_line' id='line_1_2' title="bbox 129 599 1245 754; baseline 0.011 -90"><span class='ocrx_word' id='word_1_10' title='bbox 129 601 194 664; x_wconf 84' lang='lat' dir='ltr'><strong>tv.</strong></span> <span class='ocrx_word' id='word_1_11' title='bbox 219 599 375 666; x_wconf 78' lang='lat' dir='ltr'><strong>Gentiles</strong></span> <span class='ocrx_word' id='word_1_12' title='bbox 397 601 517 680; x_wconf 85' lang='lat' dir='ltr'><strong>etiam,</strong></span> <span class='ocrx_word' id='word_1_13' title='bbox 546 619 628 686; x_wconf 89' lang='lat' dir='ltr'><strong>quos</strong></span> <span class='ocrx_word' id='word_1_14' title='bbox 650 599 757 665; x_wconf 88' lang='lat' dir='ltr'><strong>latere</strong></span> <span class='ocrx_word' id='word_1_15' title='bbox 779 619 843 666; x_wconf 92' lang='lat' dir='ltr'><strong>non</strong></span> <span class='ocrx_word' id='word_1_16' title='bbox 867 607 1019 685; x_wconf 77' lang='lat' dir='ltr'><strong>poterant</strong></span> <span class='ocrx_word' id='word_1_17' title='bbox 1041 623 1245 754; x_wconf 69' lang='lat' dir='ltr'><strong>qrogressas</strong></span> 
     </span>
     <span class='ocr_line' id='line_1_3' title="bbox 129 682 1246 770; baseline 0.011 -22"><span class='ocrx_word' id='word_1_18' title='bbox 129 685 184 750; x_wconf 88' lang='lat' dir='ltr'><strong>rei</strong></span> <span class='ocrx_word' id='word_1_19' title='bbox 194 682 422 759; x_wconf 85' lang='lat' dir='ltr'><strong>Christianae,</strong></span> <span class='ocrx_word' id='word_1_20' title='bbox 444 702 567 770; x_wconf 77' lang='lat' dir='ltr'><strong>magna</strong></span> <span class='ocrx_word' id='word_1_21' title='bbox 588 704 629 748; x_wconf 87' lang='lat' dir='ltr'><strong>ex</strong></span> <span class='ocrx_word' id='word_1_22' title='bbox 653 694 748 768; x_wconf 90' lang='lat' dir='ltr'><strong>parte</strong></span> <span class='ocrx_word' id='word_1_23' title='bbox 770 684 1043 752; x_wconf 76' lang='lat' dir='ltr'><strong>demonstrationi</strong></span> <span class='ocrx_word' id='word_1_24' title='bbox 1068 709 1106 755; x_wconf 91' lang='lat' dir='ltr'><strong>us</strong></span> <span class='ocrx_word' id='word_1_25' title='bbox 1127 690 1171 758; x_wconf 87' lang='lat' dir='ltr'><strong>de</strong></span> <span class='ocrx_word' id='word_1_26' title='bbox 1192 712 1246 760; x_wconf 79' lang='lat' dir='ltr'><strong>rc-</strong></span> 
     </span>
     <span class='ocr_line' id='line_1_4' title="bbox 128 766 1244 852; baseline 0.013 -20"><span class='ocrx_word' id='word_1_27' title='bbox 128 769 273 848; x_wconf 72' lang='lat' dir='ltr'><strong>ligionis</strong></span> <span class='ocrx_word' id='word_1_28' title='bbox 296 766 511 833; x_wconf 79' lang='lat' dir='ltr'><strong>Christianae</strong></span> <span class='ocrx_word' id='word_1_29' title='bbox 534 769 742 851; x_wconf 82' lang='lat' dir='ltr'><strong>praestantia</strong></span> <span class='ocrx_word' id='word_1_30' title='bbox 764 774 799 834; x_wconf 89' lang='lat' dir='ltr'><strong>et</strong></span> <span class='ocrx_word' id='word_1_31' title='bbox 820 769 964 836; x_wconf 84' lang='lat' dir='ltr'><strong>veritate</strong></span> <span class='ocrx_word' id='word_1_32' title='bbox 997 771 1115 852; x_wconf 88' lang='lat' dir='ltr'><strong>debiti,</strong></span> <span class='ocrx_word' id='word_1_33' title='bbox 1148 795 1244 846; x_wconf 84' lang='lat' dir='ltr'><strong>suant</strong></span> 
     </span>
     <span class='ocr_line' id='line_1_5' title="bbox 128 852 1245 938; baseline 0.01 -22"><span class='ocrx_word' id='word_1_34' title='bbox 128 869 265 938; x_wconf 90' lang='lat' dir='ltr'><strong>quoque</strong></span> <span class='ocrx_word' id='word_1_35' title='bbox 288 852 557 936; x_wconf 73' lang='lat' dir='ltr'><strong>superstitionem</strong></span> <span class='ocrx_word' id='word_1_36' title='bbox 582 852 696 936; x_wconf 91' lang='lat' dir='ltr'><strong>pulcre</strong></span> <span class='ocrx_word' id='word_1_37' title='bbox 717 871 880 918; x_wconf 87' lang='lat' dir='ltr'><strong>exornare</strong></span> <span class='ocrx_word' id='word_1_38' title='bbox 902 871 943 918; x_wconf 91' lang='lat' dir='ltr'><strong>ac</strong></span> <span class='ocrx_word' id='word_1_39' title='bbox 964 855 1086 922; x_wconf 87' lang='lat' dir='ltr'><strong>rationi</strong></span> <span class='ocrx_word' id='word_1_40' title='bbox 1120 877 1245 927; x_wconf 90' lang='lat' dir='ltr'><strong>conso-</strong></span> 
     </span>
     <span class='ocr_line' id='line_1_6' title="bbox 128 933 1312 1027; baseline 0 -27"><span class='ocrx_word' id='word_1_41' title='bbox 128 955 208 1000; x_wconf 91' lang='lat' dir='ltr'><strong>nam</strong></span> <span class='ocrx_word' id='word_1_42' title='bbox 231 933 412 1010; x_wconf 85' lang='lat' dir='ltr'><strong>ostendere</strong></span> <span class='ocrx_word' id='word_1_43' title='bbox 434 936 546 1000; x_wconf 90' lang='lat' dir='ltr'><strong>conati</strong></span> <span class='ocrx_word' id='word_1_44' title='bbox 568 943 657 1000; x_wconf 83' lang='lat' dir='ltr'><strong>runt.</strong></span> <span class='ocrx_word' id='word_1_45' title='bbox 703 935 789 1000; x_wconf 87' lang='lat' dir='ltr'><strong>Hinc</strong></span> <span class='ocrx_word' id='word_1_46' title='bbox 811 934 1009 1018; x_wconf 79' lang='lat' dir='ltr'><strong>Christiani,</strong></span> <span class='ocrx_word' id='word_1_47' title='bbox 1032 957 1103 1005; x_wconf 88' lang='lat' dir='ltr'><strong>curn</strong></span> <span class='ocrx_word' id='word_1_48' title='bbox 1125 945 1244 1027; x_wconf 77' lang='lat' dir='ltr'><strong>epolo-</strong></span> <span class='ocrx_word' id='word_1_49' title='bbox 1308 993 1312 1010; x_wconf 87' lang='grc'>,</span> 
     </span>
     <span class='ocr_line' id='line_1_7' title="bbox 130 1018 1245 1108; baseline 0.009 -25"><span class='ocrx_word' id='word_1_50' title='bbox 130 1021 211 1108; x_wconf 79' lang='lat' dir='ltr'><strong>gias</strong></span> <span class='ocrx_word' id='word_1_51' title='bbox 233 1025 346 1102; x_wconf 91' lang='lat' dir='ltr'><strong>optuto</strong></span> <span class='ocrx_word' id='word_1_52' title='bbox 368 1038 528 1084; x_wconf 84' lang='lat' dir='ltr'><strong>successu</strong></span> <span class='ocrx_word' id='word_1_53' title='bbox 552 1018 703 1084; x_wconf 86' lang='lat' dir='ltr'><strong>frustrari</strong></span> <span class='ocrx_word' id='word_1_54' title='bbox 725 1019 810 1084; x_wconf 90' lang='lat' dir='ltr'><strong>satis</strong></span> <span class='ocrx_word' id='word_1_55' title='bbox 833 1030 1088 1108; x_wconf 81' lang='lat' dir='ltr'><strong>cognoscerent,</strong></span> <span class='ocrx_word' id='word_1_56' title='bbox 1106 1025 1245 1094; x_wconf 90' lang='lat' dir='ltr'><strong>ferven-</strong></span> 
     </span>
     <span class='ocr_line' id='line_1_8' title="bbox 130 1102 1245 1194; baseline 0.008 -26"><span class='ocrx_word' id='word_1_57' title='bbox 130 1106 221 1168; x_wconf 91' lang='lat' dir='ltr'><strong>tibus</strong></span> <span class='ocrx_word' id='word_1_58' title='bbox 244 1104 532 1188; x_wconf 76' lang='lat' dir='ltr'><strong>persecutionibus</strong></span> <span class='ocrx_word' id='word_1_59' title='bbox 553 1121 634 1168; x_wconf 90' lang='lat' dir='ltr'><strong>suos</strong></span> <span class='ocrx_word' id='word_1_60' title='bbox 656 1102 698 1168; x_wconf 90' lang='lat' dir='ltr'><strong>ad</strong></span> <span class='ocrx_word' id='word_1_61' title='bbox 721 1102 943 1171; x_wconf 89' lang='lat' dir='ltr'><strong>fortitudinem</strong></span> <span class='ocrx_word' id='word_1_62' title='bbox 968 1113 1001 1170; x_wconf 91' lang='lat' dir='ltr'><strong>et</strong></span> <span class='ocrx_word' id='word_1_63' title='bbox 1020 1109 1168 1194; x_wconf 83' lang='lat' dir='ltr'><strong>martyrii</strong></span> <span class='ocrx_word' id='word_1_64' title='bbox 1184 1130 1245 1177; x_wconf 88' lang='lat' dir='ltr'><strong>cu-</strong></span> 
     </span>
    </p>

    <p class='ocr_par' dir='ltr' id='par_1_2' title="bbox 128 1186 1245 1693">
     <span class='ocr_line' id='line_1_9' title="bbox 155 1186 1244 1276; baseline 0.009 -25"><span class='ocrx_word' id='word_1_65' title='bbox 155 1187 306 1252; x_wconf 88' lang='lat' dir='ltr'><strong>iditatem</strong></span> <span class='ocrx_word' id='word_1_66' title='bbox 331 1187 515 1254; x_wconf 83' lang='lat' dir='ltr'><strong>accendere</strong></span> <span class='ocrx_word' id='word_1_67' title='bbox 548 1186 742 1271; x_wconf 81' lang='lat' dir='ltr'><strong>debilesque</strong></span> <span class='ocrx_word' id='word_1_68' title='bbox 771 1187 904 1272; x_wconf 83' lang='lat' dir='ltr'><strong>erigere</strong></span> <span class='ocrx_word' id='word_1_69' title='bbox 932 1188 1017 1254; x_wconf 88' lang='lat' dir='ltr'><strong>satis</strong></span> <span class='ocrx_word' id='word_1_70' title='bbox 1047 1189 1244 1276; x_wconf 90' lang='lat' dir='ltr'><strong>habuerunt,</strong></span> 
     </span>
     <span class='ocr_line' id='line_1_10' title="bbox 128 1209 1243 1371; baseline 0.007 -35"><span class='ocrx_word' id='word_1_71' title='bbox 128 1209 305 1356; x_wconf 55' lang='lat' dir='ltr'><strong>dipsisque</strong></span> <span class='ocrx_word' id='word_1_72' title='bbox 327 1290 369 1336; x_wconf 88' lang='lat' dir='ltr'><strong>ex</strong></span> <span class='ocrx_word' id='word_1_73' title='bbox 394 1271 568 1336; x_wconf 84' lang='lat' dir='ltr'><strong>diuturnae</strong></span> <span class='ocrx_word' id='word_1_74' title='bbox 592 1270 686 1356; x_wconf 87' lang='lat' dir='ltr'><strong>pacis</strong></span> <span class='ocrx_word' id='word_1_75' title='bbox 708 1270 925 1337; x_wconf 86' lang='lat' dir='ltr'><strong>assuetudine</strong></span> <span class='ocrx_word' id='word_1_76' title='bbox 947 1273 1141 1371; x_wconf 69' lang='lat' dir='ltr'><strong>adiutricem</strong></span> <span class='ocrx_word' id='word_1_77' title='bbox 1164 1297 1243 1362; x_wconf 89' lang='lat' dir='ltr'><strong>por-</strong></span> 
     </span>
     <span class='ocr_line' id='line_1_11' title="bbox 129 1354 1244 1439; baseline 0.008 -20"><span class='ocrx_word' id='word_1_78' title='bbox 129 1373 255 1420; x_wconf 79' lang='lat' dir='ltr'><strong>rexere</strong></span> <span class='ocrx_word' id='word_1_79' title='bbox 278 1373 418 1420; x_wconf 89' lang='lat' dir='ltr'><strong>manum.</strong></span> <span class='ocrx_word' id='word_1_80' title='bbox 461 1355 580 1438; x_wconf 82' lang='lat' dir='ltr'><strong>Neque</strong></span> <span class='ocrx_word' id='word_1_81' title='bbox 611 1354 751 1439; x_wconf 86' lang='lat' dir='ltr'><strong>amplius</strong></span> <span class='ocrx_word' id='word_1_82' title='bbox 781 1373 924 1422; x_wconf 89' lang='lat' dir='ltr'><strong>necesse</strong></span> <span class='ocrx_word' id='word_1_83' title='bbox 951 1357 1010 1421; x_wconf 86' lang='lat' dir='ltr'><strong>frnt</strong></span> <span class='ocrx_word' id='word_1_84' title='bbox 1033 1357 1244 1428; x_wconf 85' lang='lat' dir='ltr'><strong>Christiano-</strong></span> 
     </span>
     <span class='ocr_line' id='line_1_12' title="bbox 130 1438 1243 1528; baseline 0.007 -24"><span class='ocrx_word' id='word_1_85' title='bbox 130 1459 202 1504; x_wconf 88' lang='lat' dir='ltr'><strong>rum</strong></span> <span class='ocrx_word' id='word_1_86' title='bbox 227 1438 449 1514; x_wconf 85' lang='lat' dir='ltr'><strong>innocentiam</strong></span> <span class='ocrx_word' id='word_1_87' title='bbox 482 1439 712 1506; x_wconf 87' lang='lat' dir='ltr'><strong>demonstrore</strong></span> <span class='ocrx_word' id='word_1_88' title='bbox 741 1457 783 1504; x_wconf 91' lang='lat' dir='ltr'><strong>ac</strong></span> <span class='ocrx_word' id='word_1_89' title='bbox 808 1447 916 1504; x_wconf 86' lang='lat' dir='ltr'><strong>semet</strong></span> <span class='ocrx_word' id='word_1_90' title='bbox 948 1439 1148 1528; x_wconf 81' lang='lat' dir='ltr'><strong>defendere,</strong></span> <span class='ocrx_word' id='word_1_91' title='bbox 1179 1445 1243 1512; x_wconf 85' lang='lat' dir='ltr'><strong>sed</strong></span> 
     </span>
     <span class='ocr_line' id='line_1_13' title="bbox 131 1521 1244 1616; baseline 0.007 -28"><span class='ocrx_word' id='word_1_92' title='bbox 131 1521 317 1588; x_wconf 81' lang='lat' dir='ltr'><strong>Christiani</strong></span> <span class='ocrx_word' id='word_1_93' title='bbox 341 1542 427 1588; x_wconf 92' lang='lat' dir='ltr'><strong>nunc</strong></span> <span class='ocrx_word' id='word_1_94' title='bbox 450 1523 524 1607; x_wconf 90' lang='lat' dir='ltr'><strong>ipsa</strong></span> <span class='ocrx_word' id='word_1_95' title='bbox 547 1521 811 1590; x_wconf 87' lang='lat' dir='ltr'><strong>adversariorum</strong></span> <span class='ocrx_word' id='word_1_96' title='bbox 834 1533 946 1590; x_wconf 84' lang='lat' dir='ltr'><strong>castra</strong></span> <span class='ocrx_word' id='word_1_97' title='bbox 970 1527 1149 1614; x_wconf 84' lang='lat' dir='ltr'><strong>aggressi,</strong></span> <span class='ocrx_word' id='word_1_98' title='bbox 1181 1547 1244 1616; x_wconf 90' lang='lat' dir='ltr'><strong>po·</strong></span> 
     </span>
     <span class='ocr_line' id='line_1_14' title="bbox 130 1605 1245 1693; baseline 0.006 -22"><span class='ocrx_word' id='word_1_99' title='bbox 130 1606 297 1672; x_wconf 89' lang='lat' dir='ltr'><strong>tissimum</strong></span> <span class='ocrx_word' id='word_1_100' title='bbox 320 1605 530 1673; x_wconf 90' lang='lat' dir='ltr'><strong>idololatriae</strong></span> <span class='ocrx_word' id='word_1_101' title='bbox 552 1606 804 1685; x_wconf 83' lang='lat' dir='ltr'><strong>absurditatem,</strong></span> <span class='ocrx_word' id='word_1_102' title='bbox 827 1608 1060 1693; x_wconf 89' lang='lat' dir='ltr'><strong>turpitudinem</strong></span> <span class='ocrx_word' id='word_1_103' title='bbox 1082 1630 1123 1677; x_wconf 91' lang='lat' dir='ltr'><strong>ac</strong></span> <span class='ocrx_word' id='word_1_104' title='bbox 1145 1614 1245 1679; x_wconf 90' lang='lat' dir='ltr'><strong>vani-</strong></span> 
     </span>
    </p>
   </div>
   <div class='ocr_carea' id='block_1_2' title="bbox 131 1689 1366 1778">
    <p class='ocr_par' dir='ltr' id='par_1_3' title="bbox 131 1689 1366 1778">
     <span class='ocr_line' id='line_1_15' title="bbox 131 1689 1366 1778; baseline 0.006 -21"><span class='ocrx_word' id='word_1_105' title='bbox 131 1698 236 1758; x_wconf 88' lang='lat' dir='ltr'><strong>tatem</strong></span> <span class='ocrx_word' id='word_1_106' title='bbox 259 1701 293 1758; x_wconf 91' lang='lat' dir='ltr'><strong>et</strong></span> <span class='ocrx_word' id='word_1_107' title='bbox 315 1691 490 1778; x_wconf 80' lang='lat' dir='ltr'><strong>religionis</strong></span> <span class='ocrx_word' id='word_1_108' title='bbox 513 1689 726 1757; x_wconf 77' lang='lat' dir='ltr'><strong>Christianae</strong></span> <span class='ocrx_word' id='word_1_109' title='bbox 759 1694 995 1776; x_wconf 89' lang='lat' dir='ltr'><strong>praestantiam</strong></span> <span class='ocrx_word' id='word_1_110' title='bbox 1030 1695 1245 1768; x_wconf 84' lang='lat' dir='ltr'><strong>manifestem</strong></span> <span class='ocrx_word' id='word_1_111' title='bbox 1363 1689 1366 1696; x_wconf 68' lang='grc'>’</span> 
     </span>
    </p>
   </div>
   <div class='ocr_carea' id='block_1_3' title="bbox 126 1774 1309 4380">
    <p class='ocr_par' dir='ltr' id='par_1_4' title="bbox 126 1774 1309 4380">
     <span class='ocr_line' id='line_1_16' title="bbox 132 1774 1245 1846; baseline 0.004 -5"><span class='ocrx_word' id='word_1_112' title='bbox 132 1775 358 1842; x_wconf 88' lang='lat' dir='ltr'><strong>declararunt.</strong></span> <span class='ocrx_word' id='word_1_113' title='bbox 385 1813 420 1824; x_wconf 90' lang='lat'><em>-</em></span> <span class='ocrx_word' id='word_1_114' title='bbox 464 1774 617 1842; x_wconf 81' lang='lat' dir='ltr'><strong>ludaeos</strong></span> <span class='ocrx_word' id='word_1_115' title='bbox 636 1793 715 1840; x_wconf 82' lang='lat' dir='ltr'><strong>vero</strong></span> <span class='ocrx_word' id='word_1_116' title='bbox 734 1775 883 1840; x_wconf 88' lang='lat' dir='ltr'><strong>nonnulli</strong></span> <span class='ocrx_word' id='word_1_117' title='bbox 900 1775 1163 1846; x_wconf 84' lang='lat' dir='ltr'><strong>Christianorum</strong></span> <span class='ocrx_word' id='word_1_118' title='bbox 1185 1779 1245 1846; x_wconf 88' lang='lat' dir='ltr'><strong>im·</strong></span> 
     </span>
     <span class='ocr_line' id='line_1_17' title="bbox 129 1857 1309 1948; baseline 0.008 -26"><span class='ocrx_word' id='word_1_119' title='bbox 129 1867 342 1948; x_wconf 81' lang='lat' dir='ltr'><strong>pugnarunt,</strong></span> <span class='ocrx_word' id='word_1_120' title='bbox 372 1865 408 1924; x_wconf 89' lang='lat' dir='ltr'><strong>ut</strong></span> <span class='ocrx_word' id='word_1_121' title='bbox 430 1878 490 1924; x_wconf 87' lang='lat' dir='ltr'><strong>eos</strong></span> <span class='ocrx_word' id='word_1_122' title='bbox 513 1858 555 1923; x_wconf 93' lang='lat' dir='ltr'><strong>ad</strong></span> <span class='ocrx_word' id='word_1_123' title='bbox 579 1878 692 1925; x_wconf 89' lang='lat' dir='ltr'><strong>veram</strong></span> <span class='ocrx_word' id='word_1_124' title='bbox 715 1857 813 1925; x_wconf 92' lang='lat' dir='ltr'><strong>tidem</strong></span> <span class='ocrx_word' id='word_1_125' title='bbox 846 1867 1099 1941; x_wconf 86' lang='lat' dir='ltr'><strong>converterent,</strong></span> <span class='ocrx_word' id='word_1_126' title='bbox 1125 1861 1246 1932; x_wconf 89' lang='lat' dir='ltr'><strong>iisdem</strong></span> <span class='ocrx_word' id='word_1_127' title='bbox 1304 1877 1309 1884; x_wconf 86' lang='lat'>&#39;</span> 
     </span>
     <span class='ocr_line' id='line_1_18' title="bbox 131 1941 1247 2028; baseline 0.007 -20"><span class='ocrx_word' id='word_1_128' title='bbox 131 1943 233 2008; x_wconf 90' lang='lat' dir='ltr'><strong>armis</strong></span> <span class='ocrx_word' id='word_1_129' title='bbox 254 1945 318 2020; x_wconf 89' lang='lat' dir='ltr'><strong>usi,</strong></span> <span class='ocrx_word' id='word_1_130' title='bbox 340 1943 459 2028; x_wconf 88' lang='lat' dir='ltr'><strong>quibus</strong></span> <span class='ocrx_word' id='word_1_131' title='bbox 481 1941 978 2028; x_wconf 79' lang='lat' dir='ltr'><strong>hucusquedecertaverant,-</strong></span> <span class='ocrx_word' id='word_1_132' title='bbox 991 1944 1247 2016; x_wconf 84' lang='lat' dir='ltr'><strong>Haereticorum</strong></span> 
     </span>
     <span class='ocr_line' id='line_1_19' title="bbox 131 2025 1245 2104; baseline 0.005 -12"><span class='ocrx_word' id='word_1_133' title='bbox 131 2035 241 2092; x_wconf 87' lang='lat' dir='ltr'><strong>autem</strong></span> <span class='ocrx_word' id='word_1_134' title='bbox 264 2026 383 2092; x_wconf 78' lang='lat' dir='ltr'><strong>variae</strong></span> <span class='ocrx_word' id='word_1_135' title='bbox 406 2035 484 2093; x_wconf 92' lang='lat' dir='ltr'><strong>tunc</strong></span> <span class='ocrx_word' id='word_1_136' title='bbox 508 2028 601 2093; x_wconf 89' lang='lat' dir='ltr'><strong>fuero</strong></span> <span class='ocrx_word' id='word_1_137' title='bbox 622 2034 751 2104; x_wconf 81' lang='lat' dir='ltr'><strong>sectae,</strong></span> <span class='ocrx_word' id='word_1_138' title='bbox 768 2027 944 2093; x_wconf 78' lang='lat' dir='ltr'><strong>veritatem</strong></span> <span class='ocrx_word' id='word_1_139' title='bbox 957 2025 1034 2094; x_wconf 89' lang='lat' dir='ltr'><strong>tidei</strong></span> <span class='ocrx_word' id='word_1_140' title='bbox 1048 2028 1245 2098; x_wconf 88' lang='lat' dir='ltr'><strong>adulteran-</strong></span> 
     </span>
     <span class='ocr_line' id='line_1_20' title="bbox 131 2109 1244 2196; baseline 0.006 -19"><span class='ocrx_word' id='word_1_141' title='bbox 131 2119 198 2178; x_wconf 89' lang='lat' dir='ltr'><strong>tes.</strong></span> <span class='ocrx_word' id='word_1_142' title='bbox 245 2109 418 2186; x_wconf 86' lang='lat' dir='ltr'><strong>Gnostici,</strong></span> <span class='ocrx_word' id='word_1_143' title='bbox 446 2129 528 2196; x_wconf 91' lang='lat' dir='ltr'><strong>quos</strong></span> <span class='ocrx_word' id='word_1_144' title='bbox 551 2120 643 2176; x_wconf 91' lang='lat' dir='ltr'><strong>tauta</strong></span> <span class='ocrx_word' id='word_1_145' title='bbox 667 2113 700 2177; x_wconf 86' lang='lat' dir='ltr'><strong>vi</strong></span> <span class='ocrx_word' id='word_1_146' title='bbox 734 2111 987 2179; x_wconf 85' lang='lat' dir='ltr'><strong>debellaverunt</strong></span> <span class='ocrx_word' id='word_1_147' title='bbox 1008 2111 1047 2178; x_wconf 76' lang='lat' dir='ltr'><strong>S.</strong></span> <span class='ocrx_word' id='word_1_148' title='bbox 1081 2113 1244 2184; x_wconf 81' lang='lat' dir='ltr'><strong>lrenaeas</strong></span> 
     </span>
     <span class='ocr_line' id='line_1_21' title="bbox 130 2193 1244 2282; baseline 0.006 -22"><span class='ocrx_word' id='word_1_149' title='bbox 130 2196 268 2282; x_wconf 88' lang='lat' dir='ltr'><strong>aliique,</strong></span> <span class='ocrx_word' id='word_1_150' title='bbox 288 2196 427 2262; x_wconf 86' lang='lat' dir='ltr'><strong>saeculo</strong></span> <span class='ocrx_word' id='word_1_151' title='bbox 443 2195 486 2261; x_wconf 89' lang='lat' dir='ltr'><strong>ll.</strong></span> <span class='ocrx_word' id='word_1_152' title='bbox 510 2193 553 2260; x_wconf 89' lang='lat' dir='ltr'><strong>od</strong></span> <span class='ocrx_word' id='word_1_153' title='bbox 575 2196 672 2260; x_wconf 86' lang='lat' dir='ltr'><strong>linem</strong></span> <span class='ocrx_word' id='word_1_154' title='bbox 694 2203 860 2282; x_wconf 82' lang='lat' dir='ltr'><strong>vergente</strong></span> <span class='ocrx_word' id='word_1_155' title='bbox 884 2198 1106 2282; x_wconf 89' lang='lat' dir='ltr'><strong>properabant</strong></span> <span class='ocrx_word' id='word_1_156' title='bbox 1128 2198 1171 2265; x_wconf 92' lang='lat' dir='ltr'><strong>ad</strong></span> <span class='ocrx_word' id='word_1_157' title='bbox 1190 2203 1244 2267; x_wconf 87' lang='lat' dir='ltr'><strong>in·</strong></span> 
     </span>
     <span class='ocr_line' id='line_1_22' title="bbox 128 2280 1243 2365; baseline 0.007 -21"><span class='ocrx_word' id='word_1_158' title='bbox 128 2281 274 2345; x_wconf 89' lang='lat' dir='ltr'><strong>teritum.</strong></span> <span class='ocrx_word' id='word_1_159' title='bbox 297 2318 338 2331; x_wconf 88' lang='lat'>-</span> <span class='ocrx_word' id='word_1_160' title='bbox 382 2281 532 2346; x_wconf 82' lang='lat' dir='ltr'><strong>Montani</strong></span> <span class='ocrx_word' id='word_1_161' title='bbox 554 2280 709 2346; x_wconf 90' lang='lat' dir='ltr'><strong>asseclae</strong></span> <span class='ocrx_word' id='word_1_162' title='bbox 731 2289 766 2349; x_wconf 91' lang='lat' dir='ltr'><strong>et</strong></span> <span class='ocrx_word' id='word_1_163' title='bbox 787 2280 851 2365; x_wconf 85' lang='lat' dir='ltr'><strong>ipsi</strong></span> <span class='ocrx_word' id='word_1_164' title='bbox 873 2300 938 2346; x_wconf 93' lang='lat' dir='ltr'><strong>non</strong></span> <span class='ocrx_word' id='word_1_165' title='bbox 961 2281 993 2346; x_wconf 91' lang='lat' dir='ltr'><strong>in</strong></span> <span class='ocrx_word' id='word_1_166' title='bbox 1017 2284 1152 2351; x_wconf 92' lang='lat' dir='ltr'><strong>multam</strong></span> <span class='ocrx_word' id='word_1_167' title='bbox 1182 2301 1243 2352; x_wconf 91' lang='lat' dir='ltr'><strong>ae·</strong></span> 
     </span>
     <span class='ocr_line' id='line_1_23' title="bbox 127 2362 1242 2450; baseline 0.004 -22"><span class='ocrx_word' id='word_1_168' title='bbox 127 2369 236 2428; x_wconf 89' lang='lat' dir='ltr'><strong>tatem</strong></span> <span class='ocrx_word' id='word_1_169' title='bbox 258 2383 337 2430; x_wconf 86' lang='lat' dir='ltr'><strong>suos</strong></span> <span class='ocrx_word' id='word_1_170' title='bbox 359 2373 555 2450; x_wconf 87' lang='lat' dir='ltr'><strong>protraxere</strong></span> <span class='ocrx_word' id='word_1_171' title='bbox 578 2362 662 2430; x_wconf 88' lang='lat' dir='ltr'><strong>dies.</strong></span> <span class='ocrx_word' id='word_1_172' title='bbox 685 2404 727 2417; x_wconf 90' lang='lat'>-</span> <span class='ocrx_word' id='word_1_173' title='bbox 770 2363 1004 2430; x_wconf 82' lang='lat' dir='ltr'><strong>Antltrinllarii</strong></span> <span class='ocrx_word' id='word_1_174' title='bbox 1031 2385 1133 2443; x_wconf 91' lang='lat' dir='ltr'><strong>vero,</strong></span> <span class='ocrx_word' id='word_1_175' title='bbox 1165 2373 1242 2433; x_wconf 90' lang='lat' dir='ltr'><strong>tunc</strong></span> 
     </span>
     <span class='ocr_line' id='line_1_24' title="bbox 129 2448 1243 2534; baseline 0.004 -23"><span class='ocrx_word' id='word_1_176' title='bbox 129 2448 276 2512; x_wconf 82' lang='lat' dir='ltr'><strong>maxime</strong></span> <span class='ocrx_word' id='word_1_177' title='bbox 299 2449 413 2514; x_wconf 90' lang='lat' dir='ltr'><strong>llbrere</strong></span> <span class='ocrx_word' id='word_1_178' title='bbox 434 2455 623 2534; x_wconf 89' lang='lat' dir='ltr'><strong>coeperunt,</strong></span> <span class='ocrx_word' id='word_1_179' title='bbox 645 2468 780 2534; x_wconf 88' lang='lat' dir='ltr'><strong>quorum</strong></span> <span class='ocrx_word' id='word_1_180' title='bbox 804 2449 889 2512; x_wconf 89' lang='lat' dir='ltr'><strong>varii</strong></span> <span class='ocrx_word' id='word_1_181' title='bbox 911 2449 1124 2514; x_wconf 89' lang='lat' dir='ltr'><strong>saeculolll.</strong></span> <span class='ocrx_word' id='word_1_182' title='bbox 1146 2459 1243 2516; x_wconf 88' lang='lat' dir='ltr'><strong>erant</strong></span> 
     </span>
     <span class='ocr_line' id='line_1_25' title="bbox 130 2529 1242 2612; baseline 0.001 -17"><span class='ocrx_word' id='word_1_183' title='bbox 130 2539 303 2608; x_wconf 85' lang='lat' dir='ltr'><strong>auctores,</strong></span> <span class='ocrx_word' id='word_1_184' title='bbox 325 2532 487 2612; x_wconf 82' lang='lat' dir='ltr'><strong>Praxeas,</strong></span> <span class='ocrx_word' id='word_1_185' title='bbox 509 2531 656 2607; x_wconf 72' lang='lat' dir='ltr'><strong>Noctes,</strong></span> <span class='ocrx_word' id='word_1_186' title='bbox 678 2529 851 2597; x_wconf 90' lang='lat' dir='ltr'><strong>Sabellius</strong></span> <span class='ocrx_word' id='word_1_187' title='bbox 873 2539 908 2596; x_wconf 90' lang='lat' dir='ltr'><strong>et</strong></span> <span class='ocrx_word' id='word_1_188' title='bbox 931 2531 1055 2596; x_wconf 85' lang='lat' dir='ltr'><strong>Paulus</strong></span> <span class='ocrx_word' id='word_1_189' title='bbox 1078 2532 1242 2598; x_wconf 81' lang='lat' dir='ltr'><strong>Samosa-</strong></span> 
     </span>
     <span class='ocr_line' id='line_1_26' title="bbox 131 2613 1244 2699; baseline 0.001 -20"><span class='ocrx_word' id='word_1_190' title='bbox 131 2625 249 2693; x_wconf 89' lang='lat' dir='ltr'><strong>tenus,</strong></span> <span class='ocrx_word' id='word_1_191' title='bbox 271 2615 325 2699; x_wconf 90' lang='lat' dir='ltr'><strong>qui</strong></span> <span class='ocrx_word' id='word_1_192' title='bbox 349 2617 401 2681; x_wconf 91' lang='lat' dir='ltr'><strong>vel</strong></span> <span class='ocrx_word' id='word_1_193' title='bbox 424 2635 520 2682; x_wconf 90' lang='lat' dir='ltr'><strong>unam</strong></span> <span class='ocrx_word' id='word_1_194' title='bbox 543 2615 651 2680; x_wconf 90' lang='lat' dir='ltr'><strong>solum</strong></span> <span class='ocrx_word' id='word_1_195' title='bbox 673 2615 790 2682; x_wconf 83' lang='lat' dir='ltr'><strong>iubeo</strong></span> <span class='ocrx_word' id='word_1_196' title='bbox 808 2633 984 2696; x_wconf 89' lang='lat' dir='ltr'><strong>personam</strong></span> <span class='ocrx_word' id='word_1_197' title='bbox 998 2613 1244 2698; x_wconf 79' lang='lat' dir='ltr'><strong>agnoscebant,</strong></span> 
     </span>
     <span class='ocr_line' id='line_1_27' title="bbox 130 2698 1244 2784; baseline 0.002 -22"><span class='ocrx_word' id='word_1_198' title='bbox 130 2717 223 2783; x_wconf 87' lang='lat' dir='ltr'><strong>qnae</strong></span> <span class='ocrx_word' id='word_1_199' title='bbox 244 2699 318 2780; x_wconf 91' lang='lat' dir='ltr'><strong>ipsa</strong></span> <span class='ocrx_word' id='word_1_200' title='bbox 337 2700 445 2766; x_wconf 91' lang='lat' dir='ltr'><strong>omnia</strong></span> <span class='ocrx_word' id='word_1_201' title='bbox 468 2699 712 2765; x_wconf 87' lang='lat' dir='ltr'><strong>incarnationis</strong></span> <span class='ocrx_word' id='word_1_202' title='bbox 743 2705 779 2765; x_wconf 92' lang='lat' dir='ltr'><strong>et</strong></span> <span class='ocrx_word' id='word_1_203' title='bbox 800 2699 1052 2784; x_wconf 83' lang='lat' dir='ltr'><strong>Redemptionis</strong></span> <span class='ocrx_word' id='word_1_204' title='bbox 1083 2698 1244 2782; x_wconf 87' lang='lat' dir='ltr'><strong>mysteria</strong></span> 
     </span>
     <span class='ocr_line' id='line_1_28' title="bbox 128 2782 1242 2876; baseline 0.003 -29"><span class='ocrx_word' id='word_1_205' title='bbox 128 2791 272 2865; x_wconf 87' lang='lat' dir='ltr'><strong>operato</strong></span> <span class='ocrx_word' id='word_1_206' title='bbox 295 2783 410 2854; x_wconf 79' lang='lat' dir='ltr'><strong>fuerit,</strong></span> <span class='ocrx_word' id='word_1_207' title='bbox 441 2784 495 2848; x_wconf 87' lang='lat' dir='ltr'><strong>vel</strong></span> <span class='ocrx_word' id='word_1_208' title='bbox 519 2783 633 2848; x_wconf 87' lang='lat' dir='ltr'><strong>varias</strong></span> <span class='ocrx_word' id='word_1_209' title='bbox 655 2803 675 2850; x_wconf 93' lang='lat' dir='ltr'><strong>a</strong></span> <span class='ocrx_word' id='word_1_210' title='bbox 697 2783 770 2850; x_wconf 87' lang='lat' dir='ltr'><strong>Deo</strong></span> <span class='ocrx_word' id='word_1_211' title='bbox 792 2782 963 2871; x_wconf 90' lang='lat' dir='ltr'><strong>profectas</strong></span> <span class='ocrx_word' id='word_1_212' title='bbox 993 2803 1070 2876; x_wconf 78' lang='lat' dir='ltr'><strong>esse</strong></span> <span class='ocrx_word' id='word_1_213' title='bbox 1100 2783 1242 2850; x_wconf 88' lang='lat' dir='ltr'><strong>virtutes</strong></span> 
     </span>
     <span class='ocr_line' id='line_1_29' title="bbox 129 2866 1243 2954; baseline 0.003 -23"><span class='ocrx_word' id='word_1_214' title='bbox 129 2867 343 2943; x_wconf 85' lang='lat' dir='ltr'><strong>statuebant,</strong></span> <span class='ocrx_word' id='word_1_215' title='bbox 374 2870 513 2951; x_wconf 90' lang='lat' dir='ltr'><strong>quaein</strong></span> <span class='ocrx_word' id='word_1_216' title='bbox 537 2867 667 2932; x_wconf 88' lang='lat' dir='ltr'><strong>homine</strong></span> <span class='ocrx_word' id='word_1_217' title='bbox 689 2868 775 2934; x_wconf 82' lang='lat' dir='ltr'><strong>Jesu</strong></span> <span class='ocrx_word' id='word_1_218' title='bbox 797 2875 831 2935; x_wconf 89' lang='lat' dir='ltr'><strong>et</strong></span> <span class='ocrx_word' id='word_1_219' title='bbox 853 2884 927 2934; x_wconf 88' lang='lat' dir='ltr'><strong>eum</strong></span> <span class='ocrx_word' id='word_1_220' title='bbox 958 2866 1014 2934; x_wconf 95' lang='lat' dir='ltr'><strong>illo</strong></span> <span class='ocrx_word' id='word_1_221' title='bbox 1043 2866 1243 2954; x_wconf 88' lang='lat' dir='ltr'><strong>aliquamdiu</strong></span> 
     </span>
     <span class='ocr_line' id='line_1_30' title="bbox 126 2949 1240 3037; baseline 0.002 -23"><span class='ocrx_word' id='word_1_222' title='bbox 126 2954 269 3033; x_wconf 87' lang='lat' dir='ltr'><strong>junctae</strong></span> <span class='ocrx_word' id='word_1_223' title='bbox 300 2951 420 3017; x_wconf 88' lang='lat' dir='ltr'><strong>eadem</strong></span> <span class='ocrx_word' id='word_1_224' title='bbox 454 2951 655 3036; x_wconf 83' lang='lat' dir='ltr'><strong>perfecerint</strong></span> <span class='ocrx_word' id='word_1_225' title='bbox 677 2954 854 3037; x_wconf 81' lang='lat' dir='ltr'><strong>mysteria,</strong></span> <span class='ocrx_word' id='word_1_226' title='bbox 888 2952 936 3018; x_wconf 87' lang='lat' dir='ltr'><strong>ita</strong></span> <span class='ocrx_word' id='word_1_227' title='bbox 959 2960 1085 3031; x_wconf 89' lang='lat' dir='ltr'><strong>tamen,</strong></span> <span class='ocrx_word' id='word_1_228' title='bbox 1114 2958 1150 3017; x_wconf 88' lang='lat' dir='ltr'><strong>ut</strong></span> <span class='ocrx_word' id='word_1_229' title='bbox 1171 2949 1240 3018; x_wconf 82' lang='lat' dir='ltr'><strong>SS.</strong></span> 
     </span>
     <span class='ocr_line' id='line_1_31' title="bbox 131 3034 1239 3120; baseline -0.001 -21"><span class='ocrx_word' id='word_1_230' title='bbox 131 3034 309 3102; x_wconf 86' lang='lat' dir='ltr'><strong>Trinitatis</strong></span> <span class='ocrx_word' id='word_1_231' title='bbox 340 3037 528 3100; x_wconf 85' lang='lat' dir='ltr'><strong>rosteriam</strong></span> <span class='ocrx_word' id='word_1_232' title='bbox 559 3053 692 3118; x_wconf 88' lang='lat' dir='ltr'><strong>semper</strong></span> <span class='ocrx_word' id='word_1_233' title='bbox 722 3036 764 3101; x_wconf 91' lang='lat' dir='ltr'><strong>ah</strong></span> <span class='ocrx_word' id='word_1_234' title='bbox 794 3037 910 3104; x_wconf 88' lang='lat' dir='ltr'><strong>iisdem</strong></span> <span class='ocrx_word' id='word_1_235' title='bbox 939 3037 1039 3102; x_wconf 88' lang='lat' dir='ltr'><strong>fuerit</strong></span> <span class='ocrx_word' id='word_1_236' title='bbox 1068 3041 1239 3120; x_wconf 80' lang='lat' dir='ltr'><strong>negatam.</strong></span> 
     </span>
     <span class='ocr_line' id='line_1_32' title="bbox 129 3055 1289 3202; baseline 0.005 -22"><span class='ocrx_word' id='word_1_237' title='bbox 129 3157 173 3170; x_wconf 90' lang='lat'><strong>--</strong></span> <span class='ocrx_word' id='word_1_238' title='bbox 197 3117 350 3202; x_wconf 83' lang='lat' dir='ltr'><strong>Denique</strong></span> <span class='ocrx_word' id='word_1_239' title='bbox 371 3055 435 3184; x_wconf 50' lang='lat' dir='ltr'><strong>{oc</strong></span> <span class='ocrx_word' id='word_1_240' title='bbox 457 3120 594 3185; x_wconf 89' lang='lat' dir='ltr'><strong>saeculo</strong></span> <span class='ocrx_word' id='word_1_241' title='bbox 618 3119 689 3185; x_wconf 90' lang='lat' dir='ltr'><strong>fere</strong></span> <span class='ocrx_word' id='word_1_242' title='bbox 712 3122 819 3186; x_wconf 87' lang='lat' dir='ltr'><strong>medio</strong></span> <span class='ocrx_word' id='word_1_243' title='bbox 841 3123 940 3186; x_wconf 87' lang='lat' dir='ltr'><strong>etium</strong></span> <span class='ocrx_word' id='word_1_244' title='bbox 954 3121 1133 3186; x_wconf 82' lang='lat' dir='ltr'><strong>Novatiaui</strong></span> <span class='ocrx_word' id='word_1_245' title='bbox 1157 3119 1241 3186; x_wconf 91' lang='lat' dir='ltr'><strong>bae·</strong></span> <span class='ocrx_word' id='word_1_246' title='bbox 1286 3144 1289 3152; x_wconf 93' lang='lat'><em>·</em></span> 
     </span>
     <span class='ocr_line' id='line_1_33' title="bbox 130 3201 1244 3289; baseline 0.002 -23"><span class='ocrx_word' id='word_1_247' title='bbox 130 3201 233 3277; x_wconf 88' lang='lat' dir='ltr'><strong>resis,</strong></span> <span class='ocrx_word' id='word_1_248' title='bbox 254 3221 294 3267; x_wconf 86' lang='lat' dir='ltr'><strong>ac</strong></span> <span class='ocrx_word' id='word_1_249' title='bbox 317 3203 440 3268; x_wconf 87' lang='lat' dir='ltr'><strong>Novati</strong></span> <span class='ocrx_word' id='word_1_250' title='bbox 464 3211 497 3268; x_wconf 92' lang='lat' dir='ltr'><strong>et</strong></span> <span class='ocrx_word' id='word_1_251' title='bbox 520 3202 721 3270; x_wconf 76' lang='lat' dir='ltr'><strong>Felicissimi</strong></span> <span class='ocrx_word' id='word_1_252' title='bbox 743 3204 889 3269; x_wconf 87' lang='lat' dir='ltr'><strong>schisma</strong></span> <span class='ocrx_word' id='word_1_253' title='bbox 912 3210 987 3289; x_wconf 91' lang='lat' dir='ltr'><strong>post</strong></span> <span class='ocrx_word' id='word_1_254' title='bbox 1004 3203 1099 3270; x_wconf 86' lang='lat' dir='ltr'><strong>Decii</strong></span> <span class='ocrx_word' id='word_1_255' title='bbox 1123 3221 1244 3289; x_wconf 87' lang='lat' dir='ltr'><strong>perse·</strong></span> 
     </span>
     <span class='ocr_line' id='line_1_34' title="bbox 133 3285 1243 3372; baseline 0 -24"><span class='ocrx_word' id='word_1_256' title='bbox 133 3286 297 3350; x_wconf 87' lang='lat' dir='ltr'><strong>cntionem</strong></span> <span class='ocrx_word' id='word_1_257' title='bbox 319 3293 467 3361; x_wconf 69' lang='lat' dir='ltr'><strong>emersit,</strong></span> <span class='ocrx_word' id='word_1_258' title='bbox 489 3289 523 3351; x_wconf 92' lang='lat' dir='ltr'><strong>in</strong></span> <span class='ocrx_word' id='word_1_259' title='bbox 546 3305 611 3372; x_wconf 90' lang='lat' dir='ltr'><strong>qua</strong></span> <span class='ocrx_word' id='word_1_260' title='bbox 634 3289 726 3352; x_wconf 90' lang='lat' dir='ltr'><strong>multi</strong></span> <span class='ocrx_word' id='word_1_261' title='bbox 748 3287 1007 3353; x_wconf 84' lang='lat' dir='ltr'><strong>Christianorum</strong></span> <span class='ocrx_word' id='word_1_262' title='bbox 1030 3303 1050 3350; x_wconf 89' lang='lat' dir='ltr'><strong>a</strong></span> <span class='ocrx_word' id='word_1_263' title='bbox 1078 3285 1143 3349; x_wconf 87' lang='lat' dir='ltr'><strong>fide</strong></span> <span class='ocrx_word' id='word_1_264' title='bbox 1178 3285 1243 3348; x_wconf 86' lang='lat' dir='ltr'><strong>‹le-</strong></span> 
     </span>
     <span class='ocr_line' id='line_1_35' title="bbox 133 3368 1242 3456; baseline -0.001 -24"><span class='ocrx_word' id='word_1_265' title='bbox 133 3369 298 3446; x_wconf 89' lang='lat' dir='ltr'><strong>fecerant,</strong></span> <span class='ocrx_word' id='word_1_266' title='bbox 318 3372 408 3445; x_wconf 71' lang='lat' dir='ltr'><strong>tapsi</strong></span> <span class='ocrx_word' id='word_1_267' title='bbox 428 3370 552 3436; x_wconf 89' lang='lat' dir='ltr'><strong>idcirco</strong></span> <span class='ocrx_word' id='word_1_268' title='bbox 574 3371 665 3436; x_wconf 92' lang='lat' dir='ltr'><strong>dicti.</strong></span> <span class='ocrx_word' id='word_1_269' title='bbox 709 3371 832 3436; x_wconf 88' lang='lat' dir='ltr'><strong>Horum</strong></span> <span class='ocrx_word' id='word_1_270' title='bbox 857 3370 944 3456; x_wconf 88' lang='lat' dir='ltr'><strong>prior</strong></span> <span class='ocrx_word' id='word_1_271' title='bbox 967 3369 1097 3434; x_wconf 88' lang='lat' dir='ltr'><strong>nimium</strong></span> <span class='ocrx_word' id='word_1_272' title='bbox 1124 3368 1157 3434; x_wconf 91' lang='lat' dir='ltr'><strong>in</strong></span> <span class='ocrx_word' id='word_1_273' title='bbox 1185 3383 1242 3431; x_wconf 87' lang='lat' dir='ltr'><strong>re-</strong></span> 
     </span>
     <span class='ocr_line' id='line_1_36' title="bbox 131 3449 1244 3542; baseline -0.003 -24"><span class='ocrx_word' id='word_1_274' title='bbox 131 3452 296 3538; x_wconf 89' lang='lat' dir='ltr'><strong>cipiendis</strong></span> <span class='ocrx_word' id='word_1_275' title='bbox 320 3454 425 3538; x_wconf 86' lang='lat' dir='ltr'><strong>lapsis</strong></span> <span class='ocrx_word' id='word_1_276' title='bbox 447 3456 592 3542; x_wconf 80' lang='lat' dir='ltr'><strong>rigorem</strong></span> <span class='ocrx_word' id='word_1_277' title='bbox 617 3473 695 3537; x_wconf 89' lang='lat' dir='ltr'><strong>prae</strong></span> <span class='ocrx_word' id='word_1_278' title='bbox 728 3473 767 3521; x_wconf 86' lang='lat' dir='ltr'><strong>se</strong></span> <span class='ocrx_word' id='word_1_279' title='bbox 795 3456 888 3528; x_wconf 85' lang='lat' dir='ltr'><strong>tulit,</strong></span> <span class='ocrx_word' id='word_1_280' title='bbox 920 3454 1113 3519; x_wconf 76' lang='lat' dir='ltr'><strong>alterneto</strong></span> <span class='ocrx_word' id='word_1_281' title='bbox 1143 3449 1244 3515; x_wconf 88' lang='lat' dir='ltr'><strong>nimia</strong></span> 
     </span>
     <span class='ocr_line' id='line_1_37' title="bbox 131 3534 1241 3623; baseline 0 -23"><span class='ocrx_word' id='word_1_282' title='bbox 131 3537 164 3600; x_wconf 92' lang='lat' dir='ltr'><strong>in</strong></span> <span class='ocrx_word' id='word_1_283' title='bbox 194 3555 256 3602; x_wconf 88' lang='lat' dir='ltr'><strong>eos</strong></span> <span class='ocrx_word' id='word_1_284' title='bbox 286 3537 426 3607; x_wconf 90' lang='lat' dir='ltr'><strong>leuitate</strong></span> <span class='ocrx_word' id='word_1_285' title='bbox 455 3559 535 3605; x_wconf 87' lang='lat' dir='ltr'><strong>usus</strong></span> <span class='ocrx_word' id='word_1_286' title='bbox 563 3548 637 3623; x_wconf 79' lang='lat' dir='ltr'><strong>est3</strong></span> <span class='ocrx_word' id='word_1_287' title='bbox 671 3539 766 3602; x_wconf 89' lang='lat' dir='ltr'><strong>ambo</strong></span> <span class='ocrx_word' id='word_1_288' title='bbox 797 3545 924 3614; x_wconf 87' lang='lat' dir='ltr'><strong>autern,</strong></span> <span class='ocrx_word' id='word_1_289' title='bbox 955 3535 1040 3622; x_wconf 92' lang='lat' dir='ltr'><strong>quod</strong></span> <span class='ocrx_word' id='word_1_290' title='bbox 1064 3534 1241 3601; x_wconf 77' lang='lat' dir='ltr'><strong>Ecclesiae</strong></span> 
     </span>
     <span class='ocr_line' id='line_1_38' title="bbox 131 3619 1242 3708; baseline 0 -24"><span class='ocrx_word' id='word_1_291' title='bbox 131 3619 299 3696; x_wconf 87' lang='lat' dir='ltr'><strong>hostibus,</strong></span> <span class='ocrx_word' id='word_1_292' title='bbox 321 3627 473 3708; x_wconf 83' lang='lat' dir='ltr'><strong>quamuis</strong></span> <span class='ocrx_word' id='word_1_293' title='bbox 498 3624 667 3707; x_wconf 87' lang='lat' dir='ltr'><strong>plurimum</strong></span> <span class='ocrx_word' id='word_1_294' title='bbox 688 3623 775 3686; x_wconf 85' lang='lat' dir='ltr'><strong>inter</strong></span> <span class='ocrx_word' id='word_1_295' title='bbox 795 3640 835 3686; x_wconf 91' lang='lat' dir='ltr'><strong>se</strong></span> <span class='ocrx_word' id='word_1_296' title='bbox 857 3620 1106 3697; x_wconf 89' lang='lat' dir='ltr'><strong>dissidentibus,</strong></span> <span class='ocrx_word' id='word_1_297' title='bbox 1127 3619 1242 3685; x_wconf 88' lang='lat' dir='ltr'><strong>rolen-</strong></span> 
     </span>
     <span class='ocr_line' id='line_1_39' title="bbox 131 3704 1243 3788; baseline -0.001 -20"><span class='ocrx_word' id='word_1_298' title='bbox 131 3721 175 3768; x_wconf 93' lang='lat' dir='ltr'><strong>ne</strong></span> <span class='ocrx_word' id='word_1_299' title='bbox 196 3713 264 3780; x_wconf 84' lang='lat' dir='ltr'><strong>est,</strong></span> <span class='ocrx_word' id='word_1_300' title='bbox 286 3723 362 3770; x_wconf 84' lang='lat' dir='ltr'><strong>mox</strong></span> <span class='ocrx_word' id='word_1_301' title='bbox 385 3715 501 3772; x_wconf 89' lang='lat' dir='ltr'><strong>contra</strong></span> <span class='ocrx_word' id='word_1_302' title='bbox 514 3707 701 3772; x_wconf 77' lang='lat' dir='ltr'><strong>Ecclesiam</strong></span> <span class='ocrx_word' id='word_1_303' title='bbox 719 3707 826 3788; x_wconf 88' lang='lat' dir='ltr'><strong>juncti</strong></span> <span class='ocrx_word' id='word_1_304' title='bbox 847 3708 920 3788; x_wconf 85' lang='lat' dir='ltr'><strong>ejus</strong></span> <span class='ocrx_word' id='word_1_305' title='bbox 934 3704 1140 3786; x_wconf 85' lang='lat' dir='ltr'><strong>disciplinam</strong></span> <span class='ocrx_word' id='word_1_306' title='bbox 1157 3704 1243 3767; x_wconf 85' lang='lat' dir='ltr'><strong>anb-</strong></span> 
     </span>
     <span class='ocr_line' id='line_1_40' title="bbox 131 3787 1243 3875; baseline 0.003 -25"><span class='ocrx_word' id='word_1_307' title='bbox 131 3795 280 3869; x_wconf 79' lang='lat' dir='ltr'><strong>vertere,</strong></span> <span class='ocrx_word' id='word_1_308' title='bbox 302 3791 375 3872; x_wconf 77' lang='lat' dir='ltr'><strong>elus</strong></span> <span class='ocrx_word' id='word_1_309' title='bbox 398 3793 556 3856; x_wconf 89' lang='lat' dir='ltr'><strong>unitatem</strong></span> <span class='ocrx_word' id='word_1_310' title='bbox 580 3790 781 3865; x_wconf 90' lang='lat' dir='ltr'><strong>disturbare,</strong></span> <span class='ocrx_word' id='word_1_311' title='bbox 810 3798 1005 3875; x_wconf 90' lang='lat' dir='ltr'><strong>potestatem</strong></span> <span class='ocrx_word' id='word_1_312' title='bbox 1027 3787 1169 3872; x_wconf 90' lang='lat' dir='ltr'><strong>deniqne</strong></span> <span class='ocrx_word' id='word_1_313' title='bbox 1191 3787 1243 3853; x_wconf 90' lang='lat' dir='ltr'><strong>ei·</strong></span> 
     </span>
     <span class='ocr_line' id='line_1_41' title="bbox 133 3869 1243 3959; baseline 0 -24"><span class='ocrx_word' id='word_1_314' title='bbox 133 3870 209 3937; x_wconf 88' lang='lat' dir='ltr'><strong>dem</strong></span> <span class='ocrx_word' id='word_1_315' title='bbox 232 3891 253 3938; x_wconf 93' lang='lat' dir='ltr'><strong>a</strong></span> <span class='ocrx_word' id='word_1_316' title='bbox 275 3871 410 3939; x_wconf 89' lang='lat' dir='ltr'><strong>Christo</strong></span> <span class='ocrx_word' id='word_1_317' title='bbox 433 3873 545 3939; x_wconf 84' lang='lat' dir='ltr'><strong>drrtam</strong></span> <span class='ocrx_word' id='word_1_318' title='bbox 573 3876 822 3959; x_wconf 68' lang='lat' dir='ltr'><strong>angustioribus</strong></span> <span class='ocrx_word' id='word_1_319' title='bbox 848 3871 1004 3937; x_wconf 89' lang='lat' dir='ltr'><strong>limitibus</strong></span> <span class='ocrx_word' id='word_1_320' title='bbox 1034 3869 1243 3937; x_wconf 85' lang='lat' dir='ltr'><strong>circumscri-</strong></span> 
     </span>
     <span class='ocr_line' id='line_1_42' title="bbox 133 3954 1242 4042; baseline -0.004 -22"><span class='ocrx_word' id='word_1_321' title='bbox 133 3954 213 4021; x_wconf 87' lang='lat' dir='ltr'><strong>bere</strong></span> <span class='ocrx_word' id='word_1_322' title='bbox 236 3965 520 4042; x_wconf 81' lang='lat' dir='ltr'><strong>praesumserunt.</strong></span> <span class='ocrx_word' id='word_1_323' title='bbox 565 3957 690 4025; x_wconf 88' lang='lat' dir='ltr'><strong>Contra</strong></span> <span class='ocrx_word' id='word_1_324' title='bbox 721 3975 898 4040; x_wconf 81' lang='lat' dir='ltr'><strong>perversos</strong></span> <span class='ocrx_word' id='word_1_325' title='bbox 928 3955 1031 4021; x_wconf 91' lang='lat' dir='ltr'><strong>hosce</strong></span> <span class='ocrx_word' id='word_1_326' title='bbox 1060 3962 1095 4020; x_wconf 88' lang='lat' dir='ltr'><strong>et</strong></span> <span class='ocrx_word' id='word_1_327' title='bbox 1125 3954 1242 4038; x_wconf 87' lang='lat' dir='ltr'><strong>impios</strong></span> 
     </span>
     <span class='ocr_line' id='line_1_43' title="bbox 131 4036 1241 4124; baseline -0.006 -20"><span class='ocrx_word' id='word_1_328' title='bbox 131 4047 275 4120; x_wconf 87' lang='lat' dir='ltr'><strong>conatus</strong></span> <span class='ocrx_word' id='word_1_329' title='bbox 297 4042 404 4106; x_wconf 89' lang='lat' dir='ltr'><strong>aciem</strong></span> <span class='ocrx_word' id='word_1_330' title='bbox 426 4043 529 4107; x_wconf 87' lang='lat' dir='ltr'><strong>movit</strong></span> <span class='ocrx_word' id='word_1_331' title='bbox 551 4042 705 4108; x_wconf 82' lang='lat' dir='ltr'><strong>Ecclesia</strong></span> <span class='ocrx_word' id='word_1_332' title='bbox 728 4041 880 4106; x_wconf 80' lang='lat' dir='ltr'><strong>Romana</strong></span> <span class='ocrx_word' id='word_1_333' title='bbox 900 4046 935 4104; x_wconf 86' lang='lat' dir='ltr'><strong>et</strong></span> <span class='ocrx_word' id='word_1_334' title='bbox 949 4036 1241 4124; x_wconf 75' lang='lat' dir='ltr'><strong>carthaginensis,</strong></span> 
     </span>
     <span class='ocr_line' id='line_1_44' title="bbox 130 4123 1243 4210; baseline -0.003 -23"><span class='ocrx_word' id='word_1_335' title='bbox 130 4123 229 4205; x_wconf 83' lang='lat' dir='ltr'><strong>cujus</strong></span> <span class='ocrx_word' id='word_1_336' title='bbox 251 4132 410 4192; x_wconf 88' lang='lat' dir='ltr'><strong>strenuus</strong></span> <span class='ocrx_word' id='word_1_337' title='bbox 432 4125 500 4191; x_wconf 85' lang='lat' dir='ltr'><strong>dux</strong></span> <span class='ocrx_word' id='word_1_338' title='bbox 521 4131 595 4192; x_wconf 86' lang='lat' dir='ltr'><strong>erat</strong></span> <span class='ocrx_word' id='word_1_339' title='bbox 611 4126 649 4193; x_wconf 82' lang='grc' dir='ltr'><strong>Ι.</strong></span> <span class='ocrx_word' id='word_1_340' title='bbox 668 4124 867 4210; x_wconf 86' lang='lat' dir='ltr'><strong>Cyprianus.</strong></span> <span class='ocrx_word' id='word_1_341' title='bbox 890 4161 931 4173; x_wconf 89' lang='lat'>—</span> <span class='ocrx_word' id='word_1_342' title='bbox 954 4125 1136 4190; x_wconf 89' lang='lat' dir='ltr'><strong>Praeterea</strong></span> <span class='ocrx_word' id='word_1_343' title='bbox 1156 4129 1243 4210; x_wconf 64' lang='lat' dir='ltr'><strong>punc</strong></span> 
     </span>
     <span class='ocr_line' id='line_1_45' title="bbox 155 4201 1243 4297; baseline -0.006 -27"><span class='ocrx_word' id='word_1_344' title='bbox 155 4225 266 4293; x_wconf 89' lang='lat' dir='ltr'><strong>noque</strong></span> <span class='ocrx_word' id='word_1_345' title='bbox 289 4208 533 4294; x_wconf 78' lang='lat' dir='ltr'><strong>frequentiores</strong></span> <span class='ocrx_word' id='word_1_346' title='bbox 555 4210 598 4276; x_wconf 91' lang='lat' dir='ltr'><strong>de</strong></span> <span class='ocrx_word' id='word_1_347' title='bbox 620 4209 761 4276; x_wconf 90' lang='lat' dir='ltr'><strong>moribus</strong></span> <span class='ocrx_word' id='word_1_348' title='bbox 783 4224 824 4273; x_wconf 90' lang='lat' dir='ltr'><strong>ac</strong></span> <span class='ocrx_word' id='word_1_349' title='bbox 843 4205 1021 4273; x_wconf 86' lang='lat' dir='ltr'><strong>virtutibus</strong></span> <span class='ocrx_word' id='word_1_350' title='bbox 1043 4201 1243 4297; x_wconf 60' lang='lat' dir='ltr'><strong>capistrams</strong></span> 
     </span>
     <span class='ocr_line' id='line_1_46' title="bbox 131 4225 1245 4380; baseline -0.005 -25"><span class='ocrx_word' id='word_1_351' title='bbox 131 4225 321 4360; x_wconf 56' lang='lat' dir='ltr'><strong>³l&#39;ractatns</strong></span> <span class='ocrx_word' id='word_1_352' title='bbox 343 4293 524 4380; x_wconf 84' lang='lat' dir='ltr'><strong>conscripti</strong></span> <span class='ocrx_word' id='word_1_353' title='bbox 544 4301 632 4376; x_wconf 83' lang='lat' dir='ltr'><strong>sunt,</strong></span> <span class='ocrx_word' id='word_1_354' title='bbox 654 4291 761 4378; x_wconf 89' lang='lat' dir='ltr'><strong>quiob</strong></span> <span class='ocrx_word' id='word_1_355' title='bbox 776 4291 1043 4358; x_wconf 86' lang='lat' dir='ltr'><strong>circumstantias</strong></span> <span class='ocrx_word' id='word_1_356' title='bbox 1060 4283 1149 4348; x_wconf 78' lang='lat' dir='ltr'><strong>ithus</strong></span> <span class='ocrx_word' id='word_1_357' title='bbox 1163 4281 1245 4344; x_wconf 67' lang='lat' dir='ltr'><strong>tem·</strong></span> 
     </span>
    </p>
   </div>
   <div class='ocr_carea' id='block_1_4' title="bbox 959 4393 1037 4460">
    <p class='ocr_par' dir='ltr' id='par_1_5' title="bbox 959 4393 1037 4460">
     <span class='ocr_line' id='line_1_47' title="bbox 959 4393 1037 4460; baseline 0 0"><span class='ocrx_word' id='word_1_358' title='bbox 959 4393 1037 4460; x_wconf 71' lang='lat' dir='ltr'><strong>lt*</strong></span> 
     </span>
    </p>
   </div>
   <div class='ocr_carea' id='block_1_5' title="bbox 0 0 1478 4662">
    <p class='ocr_par' dir='ltr' id='par_1_6' title="bbox 0 0 1478 4662">
     <span class='ocr_line' id='line_1_48' title="bbox 0 0 1478 4662; baseline 0 0"><span class='ocrx_word' id='word_1_359' title='bbox 0 0 1478 4662; x_wconf 95' lang='lat' dir='ltr'><strong> </strong></span> 
     </span>
    </p>
   </div>
  </div>
 </body>
</html>
