2948 4662
213 303 276 370 aba

210 469 357 536 ttoticoc
380 463 544 531 Doctores
572 461 770 545 collocatur,
798 471 833 532 et
855 465 970 534 merito
998 488 1020 535 a
1051 466 1090 536 S.
1126 471 1318 558 Augustino

212 553 401 642 appellatur
418 549 565 633 „Ductor
585 549 830 616 suavissimo&
852 551 893 624 a),
969 607 974 614 .

246 751 253 765 ·
292 660 536 748 Subjongimus
565 657 727 744 quaedam
758 659 930 729 doctrinae
960 661 1174 752 dogmaticae
1207 669 1322 753 speci·

212 769 317 816 mona:

275 859 318 948 l)
339 858 478 924 Praeter
498 855 680 922 doctrinam
703 853 747 922 de
760 855 915 924 Ecclesia
936 859 1006 936 ”),
1027 857 1071 924 de
1093 864 1231 943 peceato
1254 861 1316 926 ori-

335 941 441 1030 ginali
463 945 498 1006 et
520 940 563 1005 de
585 940 748 1025 baptismo
772 942 945 1008 infantium
969 941 1048 1030 (ep.
1070 938 1159 1028 bia),
1181 945 1318 1008 liberum

332 1027 467 1093 aorniair
488 1025 661 1087 arbitrium
684 1021 819 1092 disertio
840 1027 954 1092 verbis
984 1027 1144 1092 adstrultc
1188 1027 1319 1110 „Homo

334 1108 481 1179 libertati
502 1127 587 1174 anae
615 1106 751 1174 relictus
780 1116 815 1175 et
844 1113 876 1176 in
910 1111 1046 1176 arbitrio
1075 1111 1207 1197 proprio
1235 1131 1320 1178 con-

332 1197 470 1262 stitutus
491 1191 624 1258 sibimet
645 1190 719 1276 ipae
748 1193 803 1258 vel
835 1199 971 1260 mortem
1001 1196 1147 1281 appetit,
1180 1197 1235 1262 vel
1258 1213 1319 1261 su-

334 1275 469 1347 lutem.“
511 1295 565 1360 ep.
588 1277 641 1340 55.
664 1273 722 1366 (p.
746 1274 843 1363 146.)
873 1277 928 1345 ct.
951 1277 1079 1346 Concil.
1100 1267 1196 1345 *aaa
1219 1277 1318 1348 Seres.

334 1369 365 1430 o.
388 1381 462 1448 cap.
485 1364 514 1426 1.
538 1368 573 1427 et
594 1378 668 1428 can.
692 1364 722 1426 5.

268 1473 314 1564 2)
340 1477 473 1540 Praetor
499 1471 614 1570 fidem·
635 1472 732 1570 cllum
767 1471 848 1536 dorm
888 1495 988 1557 opero
1026 1495 1089 1537 erte
1121 1475 1316 1553 accessorio,

332 1577 419 1646 quae
440 1556 688 1654 justrticatronra
716 1563 953 1655 pucrementum
1012 1558 1165 1655 ructuant,
1197 1556 1316 1655 docet:

335 1641 506 1729 „Credere
526 1659 566 1708 se
588 1638 833 1738 runchrtstnm,
862 1659 978 1727 quomo
1004 1661 1028 1738 o¹
1047 1641 1144 1742 docnt,
1172 1661 1228 1727 qur
1250 1661 1318 1741 non

332 1730 426 1806 facit,
448 1723 535 1826 qnod
557 1723 714 1791 Christus
737 1725 851 1790 lacere
874 1719 1095 1812 praccepttl“
1118 1723 1203 1825 [lle
1222 1725 1318 1826 llnrt.

332 1813 508 1880 Ecclesiae
528 1830 563 1897 p.
583 1803 694 1897 348.)
739 1809 867 1893 ‚diune
888 1809 1006 1876 cadem
1035 1817 1149 1898 gratia
1177 1817 1319 1896 spirito·

331 1900 387 1996 lie,
408 1914 495 1994 quae
516 1894 704 1992 acqualiter
725 1893 758 1957 in
783 1893 947 1976 baptismo
970 1913 991 1959 a
1012 1893 1226 1962 credentibus
1251 1915 1317 1964 su-

330 1989 437 2060 mitur,
459 1999 492 2045 rn
515 1984 770 2076 conuersatione
789 1985 890 2064 atque
912 1985 989 2043 actu
1018 1984 1132 2044 nostro
1164 1986 1315 2064 postmo-

330 2067 415 2236 tte
429 2060 1136 2231 ‘bratteatatantula
1150 2063 1314 2244 tran

332 2233 419 2299 mut“
455 2225 540 2316 (lle
568 2228 697 2297 exhort.
727 2236 861 2314 martyr.
893 2250 926 2316 p.
954 2229 1028 2294 474.
1095 2229 1149 2297 ct.
1182 2229 1313 2300 Concrl.

328 2317 420 2386 Trid.
442 2316 541 2385 Sese.
564 2316 690 2401 ὕδωρ.
716 2317 766 2379 10.
790 2321 825 2379 et
846 2331 920 2379 can.
944 2317 995 2379 to.
1062 2359 1070 2376 .
1094 2323 1130 2380 et
1150 2317 1204 2380 24.

266 2425 312 2518 3)
335 2429 387 2498 De
411 2423 930 2576 'mmmmmAcoufirgagm}
949 2425 997 2492 ila
1026 2433 1315 2576 aperlebteslalup

329 2514 746 2692 tltttllttttlt
766 2555 956 2680 reparati·
981 2509 1313 2692 clltttttlltl

327 2683 525 2767 baptismum
547 2685 718 2744 consecuti
751 2677 902 2756 inierant,
937 2685 1101 2766 baptizato
1129 2698 1189 2745 eos
1225 2681 1312 2746 ultre

330 2785 394 2830 non
417 2763 607 2850 oportebat,
639 2761 701 2826 sed
732 2761 974 2842 tantummodo,
1002 2763 1086 2848 puori
1118 2765 1244 2840 deerat,
1279 2763 1312 2828 id

328 2867 349 2914 a
370 2849 469 2912 Petro
497 2853 531 2910 et
553 2845 687 2910 Joannc
710 2845 831 2909 iactum
857 2853 928 2925 est,
951 2852 986 2911 ut
1008 2846 1157 2912 oratione
1178 2867 1237 2934 pro
1261 2849 1313 2914 eia

327 2931 442 2996 habita
464 2936 498 2995 el
520 2947 617 2993 manu
638 2928 793 3016 imposita
815 2933 1022 2993 o'aoocoretar·
1036 2941 1065 2995 el
1083 2931 1313 3015 darfrrrrdcrelur

327 3033 429 3102 supet
466 3031 525 3079 eos
554 3010 701 3098 Spiritus
731 3011 889 3080 Sanctus.
944 3015 1037 3090 Quart
1071 3038 1155 3078 rerrrrc
1191 3037 1312 3102 quoque

203 3217 411 3234 μ

252 3328 282 3390 l¹)
301 3332 487 3395 §.Auguattm
508 3331 542 3379 do
562 3331 688 3380 doetrtna
707 3325 867 3378 Christiana
887 3328 937 3378 ttb.
957 3328 985 3380 2.
1005 3342 1031 3382 n.
1051 3328 1097 3381 ot.

233 3421 276 3488 ⁹⁸)
294 3429 334 3478 De
359 3429 411 3478 trac
435 3426 543 3489 prolixe
567 3428 680 3476 dtuocrtt
706 3427 734 3474 to
754 3425 825 3475 ltbro
844 3427 880 3474 dc
904 3427 980 3476 linit.
1007 3427 1168 3486 Ecclesiae,
1196 3442 1222 3490 p.
1241 3427 1308 3481 35⁰.

303 3511 380 3561 uem,
413 3500 487 3548 unde
516 3499 585 3546 baec
610 3497 781 3558 pottmtmum
808 3497 934 3558 dogmata
957 3497 1107 3547 manifesta
1136 3499 1306 3548 redduntur:

304 3567 483 3630 Ecclesiam,
508 3579 577 3629 quac
596 3579 612 3617 a
630 3565 740 3616 cbristo
760 3577 810 3628 per
828 3565 974 3628 Apostolos
992 3567 1107 3618 tundata
1125 3569 1182 3628 eat,
1210 3569 1305 3618 omot-

302 3640 354 3687 boe
373 3639 548 3698 conspicuam
566 3635 853 3696 occultationem
878 3647 938 3685 eam
964 3647 1016 3686 aar
1032 3635 1148 3700 parire,
1175 3647 1228 3685 nec
1248 3638 1307 3688 ulto

304 3719 400 3756 errore
418 3712 466 3756 out
483 3707 630 3756 ocbtnmatc
647 3705 795 3768 corrumpi
813 3717 908 3767 poeno,
935 3708 1056 3769 deniquo
1081 3709 1121 3755 tta
1139 3717 1220 3755 unam
1239 3719 1306 3757 eane

303 3777 473 3837 Eccleutam,
491 3779 521 3825 ut
540 3788 718 3840 quaecunque
737 3777 771 3826 ab
790 3787 824 3824 ea
841 3781 936 3826 sectae
955 3778 1153 3836 ttaeenaerunt,
1173 3780 1307 3839 quemad-

302 3849 408 3896 modum
427 3859 444 3896 a
463 3857 531 3896 vcra
550 3847 693 3906 ticeteota,
718 3848 759 3895 ita
781 3849 866 3897 ettam
884 3845 920 3896 ab
939 3849 1057 3896 aeterno
1074 3847 1168 3896 aulute
1188 3847 1303 3899 aliem

301 3919 369 3965 atnt.
405 3914 449 3965 ct.
469 3928 514 3976 cp.
535 3917 577 3968 73.
597 3917 638 3977 (p.
657 3913 720 3968 236.
738 3912 815 3979 naq.)
841 3939 873 3952 -
911 3919 1049 3980 tnotgncm
1069 3917 1160 3966 locum
1180 3919 1215 3969 dc
1233 3916 1303 3968 Pri·

301 3991 378 4034 atoto
396 3987 501 4035 tdctrco
520 3988 565 4036 btc
583 3997 635 4035 nou
655 3986 773 4047 protuli,
799 3988 863 4048 quia
888 3990 922 4036 no
943 3987 992 4036 ttlo
1011 3989 1185 4051 dtaputatur,
1212 3993 1302 4038 utrum

302 4058 440 4118 genuinus
463 4060 514 4117 ott,
539 4059 597 4106 vid.
624 4057 672 4105 ttb.
697 4058 733 4106 oa
752 4057 827 4106 Untt.
853 4057 961 4107 ticcteo.
986 4072 1015 4120 p.
1033 4053 1096 4108 463.
1123 4060 1170 4106 ea.
1196 4058 1299 4108 venet.

302 4138 362 4174 eom
389 4125 453 4174 Not.
480 4127 574 4175 Baton.
601 4127 637 4175 ot.
663 4127 745 4175 trud.
772 4128 880 4176 Maroni
901 4127 1020 4178 Praebet.
1046 4141 1075 4189 p·
1096 4129 1197 4177 thtt.
1223 4141 1302 4190 seqq.

302 4197 429 4246 Ceterum
453 4197 521 4246 attbt
547 4199 663 4246 cundum
691 4197 803 4245 Romam
824 4196 966 4245 Puntttictu
985 4198 1136 4248 mutuatum
1160 4202 1202 4248 ant
1227 4198 1304 4247 claro

301 4269 435 4332 agnoscit,
454 4278 498 4316 ox.
518 4278 562 4330 gr.
581 4277 625 4328 ep.
646 4265 690 4316 55.
710 4273 751 4325 tv.
772 4277 856 4328 cupra
871 4264 898 4324 s.
910 4262 979 4324 ΒΜ.

584 4511 597 4544 b
