2948 4662
215 343 280 415 244

221 509 323 600 paria,
343 507 397 575 vel
421 509 555 593 propter
570 501 749 570 Gentilium
772 499 926 578 lurorem,
946 496 1003 564 rel
1024 501 1159 584 propter
1180 492 1332 562 baereti-

222 610 357 673 corum,
396 591 538 657 maxime
578 587 835 665 Gnosticorum,
878 583 954 649 lrinc
993 581 1072 647 inde
1119 580 1331 667 repullulan-

176 693 177 702 ’
221 680 300 746 tium
331 692 512 762 perversas
539 690 664 740 morum
686 670 855 738 doctrinas
876 666 986 754 magis
1013 665 1198 732 necessarii
1229 665 1330 732 vide-
1436 675 1437 688 ¹

222 765 351 830 bantur.

308 869 502 938 Accedebat
534 866 676 950 denique
706 861 908 950 frequentior
929 858 968 928 S.
991 857 1188 946 Scriptum
1219 857 1329 926 inter-

221 953 610 1122 lillibitanae
617 950 770 1102 {altit
790 948 933 1099 little
945 963 1019 1094 ‘lt
1037 943 1333 1118 :talanat

221 1143 271 1208 re,
291 1143 335 1190 ex
357 1123 477 1209 quibus
497 1139 599 1185 verus
621 1117 710 1184 illius
732 1135 855 1190 sensus
877 1121 969 1182 certo
1002 1131 1073 1180 enn
1100 1118 1238 1199 posset,
1267 1131 1331 1180 ne-
1436 1165 1437 1182 ,

221 1225 321 1275 cesse
343 1207 469 1294 pariter
489 1203 569 1282 luit,
591 1223 650 1270 eos
670 1202 784 1278 libros,
806 1199 861 1286 qni
883 1198 1086 1286 potissimum
1112 1195 1332 1281 depravatio·
1436 1199 1437 1282 j

220 1312 295 1358 nem
317 1292 451 1357 fuerant
471 1288 612 1375 experti,
633 1294 725 1352 recte
746 1282 969 1372 interpretari,
990 1299 1033 1348 ne
1054 1280 1173 1346 lideles
1190 1287 1260 1346 tam
1273 1279 1330 1346 la-

220 1377 284 1448 cile
306 1375 338 1440 in
362 1373 503 1470 alienum
526 1388 661 1438 sensum
681 1368 961 1468 pertraherentur,
977 1384 1058 1432 vero
1073 1366 1207 1432 istorum
1225 1363 1329 1460 libro·
1436 1427 1437 1458 ,

221 1477 292 1526 rum
314 1475 416 1525 sensu
439 1455 557 1522 iisdem
579 1473 756 1541 perspicue
778 1460 814 1520 et
834 1451 982 1518 drlucrde
1004 1450 1045 1516 ob
1067 1446 1182 1515 oculos
1205 1455 1327 1538 posrto.
1436 1472 1437 1502 ι

222 1541 304 1642 Gom
329 1560 423 1627 porro
445 1537 637 1606 immediata
658 1537 732 1604 veri
754 1556 878 1604 sensus
900 1535 939 1602 S.
963 1534 1157 1682 Scriptufae
1185 1550 1332 1619 percep-

219 1633 265 1692 tro
288 1627 394 1693 altero
416 1624 551 1690 labente
572 1624 728 1700 saeculo,
757 1641 821 1708 quo
839 1626 986 1706 tempore
1009 1637 1045 1684 re
1058 1623 1189 1684 atrones
1212 1623 1330 1682 exter-

220 1729 286 1778 nae
321 1708 447 1776 sensim
483 1706 571 1776 baud
608 1725 720 1790 parum
750 1705 944 1772 immutatae
979 1702 1131 1782 fuerant,
1161 1700 1330 1788 multaque
1436 1737 1437 1750 ι

220 1796 299 1864 olim
325 1795 476 1861 omnibus
504 1793 640 1878 cognita
672 1797 707 1857 et
738 1795 920 1878 perspecta
946 1805 1035 1854 nunc
1068 1785 1197 1860 demum
1227 1785 1332 1851 obso-

221 1881 353 1947 lescere
374 1883 409 1944 et
430 1879 463 1944 iu
485 1876 682 1943 oblivionem
712 1875 806 1942 abire
827 1878 1025 1960 coeperant,
1052 1870 1165 1970 magis
1190 1868 1223 1935 io
1255 1869 1332 1934 dies

221 1965 469 2042 obliteraretur,
496 1960 572 2028 ideo
594 1959 819 2026 necessarium
842 1957 942 2024 etiam
963 1955 1036 2036 luit,
1058 1971 1101 2021 ea
1120 1973 1155 2022 ru
1184 1961 1331 2022 mentem

222 2066 395 2124 revocare,
419 2063 506 2130 quae
527 2043 571 2111 ad
593 2063 729 2110 sensum
752 2041 792 2110 S.
822 2040 1019 2127 scripturae
1049 2040 1114 2106 rite
1140 2056 1332 2124 assequen-

225 2132 302 2198 dum
330 2135 515 2216 opportuna
549 2128 761 2194 videbantur.
805 2126 859 2192 llli
887 2125 1057 2192 tamenin
1085 2121 1124 2191 S.
1146 2119 1332 2208 Scriptnris

221 2212 489 2298 interpretandis
511 2210 672 2298 dogmata
711 2211 852 2278 maxime
885 2217 921 2277 et
954 2227 1063 2274 mores
1092 2207 1332 2293 respiciebant,

225 2303 326 2395 atque
349 2294 390 2361 ud
413 2295 600 2383 exemplum
624 2293 748 2361 Christi
770 2302 805 2362 et
828 2291 1060 2380 Apostolorum
1082 2299 1181 2378 typos
1202 2291 1235 2356 in
1256 2289 1331 2356 Vc-

222 2388 285 2448 terr
305 2380 522 2446 Testamenta
544 2380 750 2465 quaerebant
771 2386 807 2445 at
831 2397 871 2444 ue
897 2375 1080 2466 allegorias
1102 2373 1333 2454 sectabantur,

223 2463 265 2532 de
288 2464 386 2531 litera
407 2463 607 2554 explicanda
635 2467 741 2532 minus
768 2399 923 2539 solliciti,
950 2481 1048 2547 quum
1075 2477 1117 2526 ea
1143 2467 1223 2525 tunc
1243 2465 1333 2525 tem-

221 2551 312 2636 poris
334 2549 442 2616 minus
464 2545 574 2616 adhuc
596 2547 738 2616 obscura
759 2547 951 2628 evasisset,
980 2563 1044 2612 nec
1073 2542 1161 2612 adeo
1189 2543 1331 2632 exposi-

223 2635 315 2701 tione
337 2633 514 2721 indigeret.

237 2827 244 2842 Ι
276 2827 283 2840 ¹
307 2741 495 2889 cuqu
515 2739 671 2842 Gentiles
694 2739 925 2839 pbilosophiac
946 2739 1074 2808 assueti
1095 2739 1198 2837 etiam
1218 2738 1254 2806 in
1276 2756 1334 2806 ra·

142 2908 146 2914 v
221 2822 1332 2985 lllltnitttlltlttltltn:l'cartalatam

221 3003 258 3068 et
277 2991 459 3088 simplicem
481 2989 585 3087 fldem¹
600 2990 779 3059 irridentes
802 2991 1032 3079 despicerent,
1052 3012 1082 3060 ιιι
1118 2999 1239 3074 tosoue
1262 2991 1331 3056 lal-

221 3097 263 3144 sa
292 3081 455 3172 scientiae
484 3091 668 3160 promissae
696 3094 759 3164 spe
787 3077 981 3157 allicerent,
1015 3077 1114 3144 etiam
1145 3073 1329 3142 Christiani

221 3166 400 3257 magistri,
435 3160 628 3244 praesertim
656 3162 689 3228 in
717 3159 838 3227 schola
864 3160 1057 3247 Episcopali
1087 3158 1333 3240 Alexandrina,

218 3263 287 3333 qua
307 3263 342 3308 ru
364 3244 444 3312 arbe
466 3249 544 3310 tunc
566 3244 651 3312 varii
672 3245 811 3334 generis
831 3243 1030 3330 disciplinae
1049 3245 1190 3312 maxime
1209 3245 1333 3310 derue-
1436 3305 1437 3338 ,

218 3335 319 3408 runt,
352 3327 427 3395 lidei
455 3334 623 3414 tamquam
649 3329 725 3398 basi
752 3335 865 3398 certae
898 3335 934 3394 et
966 3327 1120 3396 immobili
1152 3327 1330 3398 amentiam

222 3431 353 3500 quoque
375 3412 562 3500 adjungere
583 3419 618 3478 et
638 3422 871 3499 superstruere
893 3419 1094 3501 coeperunt,
1115 3431 1160 3479 ex
1181 3409 1334 3497 pbiloso-

218 3499 298 3584 plria
321 3495 462 3593 Gentili,
486 3515 572 3582 quae
594 3497 730 3564 veritati
751 3515 900 3564 consona
921 3503 1037 3576 eraut,
1066 3496 1272 3562 transbalere
1293 3494 1327 3560 in

184 3625 190 3636 -
218 3599 313 3675 suam
332 3587 506 3644 scientiam
527 3580 766 3666 Christianam,
788 3581 912 3648 formas
933 3582 1012 3649 item
1034 3577 1330 3647 demonstrationis

219 3661 346 3728 mmrles
368 3659 570 3729 Graecorum
592 3665 708 3732 formis
730 3663 980 3732 demonstrandi
1001 3663 1204 3748 adhibuere,
1237 3669 1274 3730 et
1296 3666 1332 3728 ul

218 3761 346 3840 omnem
367 3744 593 3840 cavillationis
615 3765 732 3814 ansam
754 3747 1006 3834 praeciderent,
1037 3747 1160 3832 puriori
1187 3751 1223 3812 et
1255 3747 1331 3812 ele-

218 3828 365 3916 gantiori
385 3829 523 3925 linguae
545 3829 717 3910 Graecae,
740 3847 837 3916 naam
858 3831 1003 3900 antebac
1024 3829 1114 3918 apud
1135 3828 1212 3898 Scri
1237 3835 1332 3896 tores

219 3931 242 3982 e
273 3917 369 3978 coetu
397 3909 659 3982 Christianorum
692 3933 756 3980 usu
788 3921 946 3996 venerat,
980 3931 1117 4002 operam
1153 3912 1196 3980 de
1221 3917 1331 3980 erunt.

218 3991 314 4078 Quae
345 4000 470 4083 tamen·
484 3994 578 4064 initia
606 3995 833 4065 Alexandriae
861 4003 992 4066 tentata
1024 3999 1132 4068 minas
1167 4013 1331 4094 prospera

218 4084 413 4161 cesserunt,
445 4097 548 4163 quare
569 4080 670 4148 etiam
690 4079 850 4161 Clemens
871 4079 1122 4150 Alexandrinus
1146 4088 1182 4146 et
1203 4077 1333 4166 Garge-

216 4180 291 4259 nes,
313 4162 439 4260 undoni
460 4171 553 4230 certe
571 4171 682 4232 testes
701 4163 790 4244 fidei,
811 4165 873 4235 sed
895 4183 960 4234 non
982 4165 1115 4234 omniuo
1132 4163 1199 4232 lde
1221 4162 1334 4250 digni,

217 4265 274 4330 qur
296 4247 407 4334 aliqua
428 4248 556 4318 ratione
577 4255 692 4336 typum
712 4247 889 4318 Ecclesiae
914 4248 1089 4322 orientalis
1117 4247 1333 4336 praeterme-
