2948 4662
219 317 283 384 260

221 482 373 550 maiicant
397 485 432 546 et
453 477 677 557 llbetoricsm,
698 477 905 565 omniumque
925 475 1194 564 pbilosophorum
1217 485 1331 549 sectas

221 569 268 635 ita
289 566 415 640 didicit,
438 572 474 630 ut
494 563 711 631 saecularium
735 583 866 650 quoque
889 563 1055 630 literarum
1078 565 1249 630 studiosos
1267 566 1331 634 ba-

222 655 316 718 beret
334 656 541 729 sectatores,
564 667 807 734 concursusque
831 647 873 712 ad
896 666 969 714 earm
993 647 1065 712 mici
1087 647 1225 724 herenis
1246 669 1331 735 quos

221 737 278 803 ille
302 741 478 820 propterea
498 731 699 882 recipiebat,
732 741 768 797 ut
788 731 852 797 sub
875 731 1051 797 occasione
1072 733 1258 798 succolatio
1287 734 1332 800 li-

221 827 389 887 teraturae
412 819 445 882 in
469 816 534 882 lide
586 816 679 882 bristi
702 834 761 882 cos
784 815 983 882 institueret.
1012 815 1094 881 Post
1114 819 1220 904 patris
1242 837 1332 883 mor·

221 909 287 970 iem
311 899 367 990 (a.
389 895 506 987 202),
534 921 630 986 quem
663 899 706 965 ad
740 901 932 984 martyrium
962 899 1092 965 fortiter
1120 902 1331 969 subeundum

222 989 330 1054 literis
352 986 440 1052 datis
462 983 658 1052 exhortatus
680 985 798 1060 iuerrti,
820 985 894 1069 ipse
915 984 1062 1068 martyrii
1086 983 1254 1050 desiderio
1269 1005 1330 1050 ae-

221 1079 358 1149 stuans,
390 1067 642 1135 Grammaticam
674 1069 876 1153 aliquamdiu
911 1068 1043 1154 publice
1085 1067 1214 1156 docuit3
1253 1089 1332 1135 mox

222 1155 386 1223 Clementi
410 1152 637 1219 Alexandrino
661 1152 869 1238 praeceptori
890 1172 951 1217 suo
980 1150 1125 1218 nondum
1152 1155 1206 1217 20.
1233 1160 1332 1219 oeta-

221 1241 266 1305 tis
293 1251 415 1304 annum
442 1255 568 1322 agens,
593 1237 748 1301 fervente
769 1236 1010 1323 persecutionis
1032 1233 1185 1323 Septimii
1208 1235 1331 1304 Severi

222 1328 318 1390 aestu
346 1323 513 1386 successit
547 1321 582 1386 in
610 1338 746 1386 intruere
780 1319 921 1410 re'geurli
949 1319 1097 1386 scholam
1128 1321 1332 1387 Alexandri-

221 1427 298 1472 num
320 1407 363 1484 ἰ,
386 1405 606 1489 plurimosque
619 1403 752 1470 Christo
775 1405 941 1470 lucrifecit
961 1413 996 1471 ei
1017 1405 1081 1470 sibi
1104 1407 1228 1470 amicos
1248 1424 1332 1471 con-

222 1490 367 1566 ciliavit,
399 1508 481 1574 qrros
503 1491 590 1553 inter
612 1487 673 1553 fuit
696 1488 874 1568 lleraclas,
908 1490 1074 1574 proximus
1103 1489 1330 1556 Alexandriae

221 1575 416 1660 Episcopus.
461 1572 498 1636 ln
522 1573 753 1656 persecutione
773 1591 855 1637 vero
877 1573 1063 1660 singularia
1085 1573 1175 1655 ildei,
1195 1574 1331 1659 pietalis

222 1678 263 1723 uc
286 1656 497 1722 constantiae
527 1657 710 1742 specimina
743 1656 863 1735 edidit,
898 1675 1120 1744 magnamque
1153 1658 1218 1724 sibi
1245 1660 1332 1723 inter

221 1741 430 1808 Christianos
452 1740 572 1804 ramam
596 1749 631 1804 et
652 1742 795 1828 gratiani
820 1743 965 1825 peperit,
995 1743 1132 1827 saepius
1155 1743 1331 1826 apertissi-

221 1843 273 1892 mo
295 1825 410 1890 mortis
433 1823 579 1908 periculo
602 1827 775 1910 expositus
796 1826 838 1891 ob
860 1825 981 1891 sedula
1002 1826 1215 1893 humanitatis
1230 1836 1332 1911 atque
1459 1799 1460 1830 ³

221 1908 479 1976 benevolentiae
493 1908 615 1988 officia,
637 1927 724 1994 qrrrre
745 1909 950 1994 Martyribus
973 1910 1134 1990 omuibus,
1156 1912 1244 1976 notis
1268 1929 1331 1998 pa·

220 1996 302 2060 riter
324 2001 358 2059 et
380 1992 519 2078 ignotis,
541 1993 783 2078 promptissime
805 1993 996 2060 exhibebat.
1039 1995 1090 2059 Ad
1113 2014 1220 2061 rerum
1243 1994 1333 2059 divi-

220 2095 335 2144 narum
359 2077 522 2154 studium,
545 2095 609 2160 qno
631 2075 704 2141 dies
728 2077 899 2158 docendo,
921 2085 1037 2144 noctes
1059 2077 1205 2165 legendo
1234 2079 1332 2143 insu-

220 2161 348 2235 mebat,
379 2161 524 2224 arcessit
546 2160 646 2225 ctiam
669 2163 824 2226 virtutum
846 2162 1004 2242 omnium,
1032 2181 1117 2248 qnae
1139 2161 1330 2228 Christiano

220 2251 335 2311 esseut
358 2242 499 2328 dignae,
532 2244 689 2309 assiduus
713 2263 814 2331 usus3
838 2265 903 2330 quo
926 2246 1047 2312 iactum
1075 2252 1147 2326 esi,
1175 2253 1211 2311 ui
1239 2247 1331 2312 lama

219 2327 362 2397 nominis
384 2329 458 2409 ejus
481 2327 513 2391 in
538 2327 611 2394 dies
631 2337 800 2396 cresceret
822 2336 993 2416 totumque
1019 2332 1131 2398 orbem
1165 2349 1331 2480 gersone-

219 2419 283 2477 ret.
331 2411 537 2477 Antiochiam
560 2411 682 2479 idcirco
705 2415 840 2480 vocavit
861 2416 967 2500 ipsum
990 2413 1045 2503 [c.
1068 2435 1099 2482 a.
1122 2419 1161 2480 at
1187 2411 1222 2502 .]
1238 2415 1331 2481 Juiia

218 2497 416 2572 Mammisea,
425 2495 607 2561 Alexandri
616 2497 738 2565 Severi
757 2507 872 2578 mater,
894 2501 936 2565 ub
959 2519 1000 2565 eo
1022 2499 1156 2567 edoceri
1179 2499 1331 2588 cupiens3

219 2599 263 2647 ex
286 2581 350 2644 isio
375 2586 523 2662 tempore
536 2579 690 2667 Philippo
711 2585 811 2650 etiam
825 2585 927 2650 Arabi
951 2585 1090 2668 ejusque
1110 2586 1247 2672 conjugi
1269 2583 1332 2651 Se·

218 2682 324 2730 verae
345 2682 404 2749 per
426 2665 544 2730 literas
565 2667 716 2732 innotuit.
761 2671 899 2734 llomnm
932 2687 1061 2753 quoque
1091 2669 1179 2734 idem
1214 2687 1331 2752 perce-

219 2749 287 2826 xit,
316 2767 387 2813 curu
417 2748 448 2812 in
481 2749 568 2814 votis
598 2751 747 2828 baberet,
776 2754 959 2816 llomauum
981 2751 1167 2816 Ecclesiam
1189 2755 1331 2818 omnium

220 2833 480 2918 antiquissimam
504 2850 614 2896 coram
638 2835 754 2898 videre
776 2834 837 2911 ‘'l.
882 2833 928 2899 Ut
950 2852 1011 2898 suo
1040 2835 1166 2898 muneri
1195 2835 1331 2918 periec-

219 2917 287 2982 iius
309 2914 497 2990 inserviret,
520 2915 717 2999 imprudenti
740 2919 817 2982 zelo
840 2927 937 2983 actus
958 2917 1171 3000 semetipsum
1199 2918 1333 2984 evirare

221 3020 323 3066 uorsus
346 3008 399 3064 est
421 2999 503 3076 ll²⁴⁵).
539 2998 636 3064 Circa
659 3019 688 3065 a.
712 2999 785 3066 228.
806 3009 946 3066 uocatus
968 3009 1022 3065 est
1043 2999 1076 3064 iu
1099 2999 1272 3083 Achajrrm,
1296 3010 1333 3068 ut

220 3083 414 3151 subveniret
437 3081 610 3162 ecclesiis,
644 3101 729 3172 qrrae
754 3085 902 3168 pluribus
931 3083 1128 3150 haeresibus
1158 3088 1332 3152 vexaban-

222 3174 286 3234 tur.
332 3167 381 3232 Ilo
406 3168 437 3230 in
462 3167 578 3232 itinere
608 3187 666 3254 per
689 3167 913 3234 Palaestinam
947 3169 1116 3255 proiectus
1139 3165 1331 3238 Caesareae

221 3251 461 3320 aTbeoctisio
490 3249 713 3319 caesareensi
743 3253 913 3340 Episcopo
949 3259 986 3320 et
1008 3253 1203 3322 Alexandro
1225 3253 1329 3342 Epis-

225 3423 433 3439 ,μ-

273 3517 307 3581 *l
326 3521 463 3584 Quomodo
479 3525 571 3574 aarum
592 3525 720 3588 singulas
738 3526 901 3587 disciplinas
920 3525 1085 3587 tradiderit,
1104 3525 1194 3574 iustus
1212 3535 1246 3574 ac
1264 3536 1330 3585 per·

326 3593 472 3643 elecnnter
494 3595 629 3644 describit
656 3597 741 3656 ipsius
760 3607 810 3658 per
828 3595 928 3646 multos
945 3608 1031 3646 anuos
1050 3593 1242 3654 discipuloss.
1257 3595 1331 3644 Gre-

326 3663 422 3724 gorius
433 3663 653 3726 absumaturgos
672 3667 699 3713 in
719 3677 769 3715 sus
782 3665 859 3715 Orat.
879 3677 1013 3729 panegyr.
1034 3667 1062 3714 iu
1071 3663 1230 3726 origenem,
1249 3676 1330 3725 quem

329 3733 445 3780 videsis.
483 3731 527 3782 Gi.
547 3733 673 3782 (tuerilrs
692 3736 726 3782 de
742 3735 854 3798 seboin,
873 3747 944 3798 quse
963 3736 1152 3786 Alexandriae
1171 3733 1264 3782 floruit
1281 3745 1332 3784 ea-

328 3802 478 3849 tecliettoa.
511 3802 600 3852 italae
622 3799 700 3852 1824.

258 3887 312 3950 *ssl
334 3894 432 3944 buret.
454 3897 504 3946 lib.
524 3895 551 3947 6.
571 3909 596 3946 c.
620 3893 661 3947 tt.

238 3986 314 4052 aad)
334 3992 435 4042 lluseb.
454 3993 505 4042 lin.
525 3991 551 4044 6.
571 4005 597 4042 c.
616 3991 644 4044 8.
680 3995 710 4042 s.
729 3995 891 4059 llieronym.
910 4011 955 4061 ep.
974 3995 1020 4050 et
1039 4011 1069 4050 ιι.
1087 3996 1116 4050 8.
1154 4001 1216 4061 lpse
1230 3999 1332 4062 Orige-

329 4075 379 4112 nes
397 4066 455 4114 tale
473 4061 576 4114 iactum
595 4067 688 4124 postea
707 4066 789 4116 vaide
809 4069 974 4130 improbarit
993 4070 1177 4126 commentar.
1203 4071 1232 4120 ln
1257 4069 1332 4118 blat-

329 4135 437 4184 tbseum
455 4135 529 4184 Toni.
549 4135 613 4185 liv.
633 4147 661 4184 ιι.
684 4136 761 4186 1-5.
780 4136 863 4199 i0pp·
883 4138 1000 4203 origen.
1019 4142 1051 4190 τ’.
1065 4141 1114 4188 ΙΙΙ.
1135 4152 1163 4200 p.
1182 4135 1332 4193 ndi—58.)

328 4207 488 4266 praesertim
514 4217 542 4256 u.
562 4203 606 4267 a,
632 4206 680 4257 ubl
704 4207 805 4256 lactura
828 4210 902 4260 lauti
925 4220 944 4260 a
966 4219 1000 4260 ao
1018 4211 1079 4271 ipso
1096 4209 1164 4264 oliuu
1183 4211 1333 4262 admissum

327 4276 396 4326 satis
413 4277 509 4336 aperte
527 4277 634 4327 iudicat
652 4281 681 4326 et
699 4277 838 4338 reprobat.
