<?xml version="1.0" encoding="UTF-8"?>
<!DOCTYPE html PUBLIC "-//W3C//DTD XHTML 1.0 Transitional//EN"
    "http://www.w3.org/TR/xhtml1/DTD/xhtml1-transitional.dtd">
<html xmlns="http://www.w3.org/1999/xhtml" xml:lang="en" lang="en">
 <head>
  <title>
</title>
<meta http-equiv="Content-Type" content="text/html;charset=utf-8" />
  <meta name='ocr-system' content='tesseract 3.04.00' />
  <meta name='ocr-capabilities' content='ocr_page ocr_carea ocr_par ocr_line ocrx_word'/>
</head>
<body>
  <div class='ocr_page' id='page_1' title='image "./institutionespa01fessgoog_0299.png"; bbox 0 0 2948 4662; ppageno 0'>
   <div class='ocr_carea' id='block_1_1' title="bbox 215 311 644 432">
    <p class='ocr_par' dir='ltr' id='par_1_1' title="bbox 215 311 644 432">
     <span class='ocr_line' id='line_1_1' title="bbox 215 311 644 432; baseline 0 -56"><span class='ocrx_word' id='word_1_1' title='bbox 215 311 279 376; x_wconf 74' lang='lat'><strong>262</strong></span> <span class='ocrx_word' id='word_1_2' title='bbox 609 371 644 432; x_wconf 71' lang='lat'><strong>·</strong></span> 
     </span>
    </p>
   </div>
   <div class='ocr_carea' id='block_1_2' title="bbox 215 468 1326 670">
    <p class='ocr_par' dir='ltr' id='par_1_2' title="bbox 215 468 1326 670">
     <span class='ocr_line' id='line_1_2' title="bbox 215 468 1326 560; baseline -0.002 -18"><span class='ocrx_word' id='word_1_3' title='bbox 215 475 280 542; x_wconf 90' lang='lat' dir='ltr'><strong>sibi</strong></span> <span class='ocrx_word' id='word_1_4' title='bbox 301 473 508 560; x_wconf 86' lang='lat' dir='ltr'><strong>comparavit</strong></span> <span class='ocrx_word' id='word_1_5' title='bbox 529 491 589 559; x_wconf 86' lang='lat' dir='ltr'><strong>per</strong></span> <span class='ocrx_word' id='word_1_6' title='bbox 611 468 724 560; x_wconf 80' lang='lat' dir='ltr'><strong>Opera</strong></span> <span class='ocrx_word' id='word_1_7' title='bbox 746 469 880 554; x_wconf 85' lang='lat' dir='ltr'><strong>critica,</strong></span> <span class='ocrx_word' id='word_1_8' title='bbox 909 487 994 556; x_wconf 80' lang='lat' dir='ltr'><strong>quae</strong></span> <span class='ocrx_word' id='word_1_9' title='bbox 1020 485 1080 556; x_wconf 89' lang='lat' dir='ltr'><strong>pro</strong></span> <span class='ocrx_word' id='word_1_10' title='bbox 1102 469 1326 540; x_wconf 88' lang='lat' dir='ltr'><strong>columnarum</strong></span> 
     </span>
     <span class='ocr_line' id='line_1_3' title="bbox 215 555 1326 670; baseline -0.009 -25"><span class='ocrx_word' id='word_1_11' title='bbox 215 584 429 670; x_wconf 78' lang='lat' dir='ltr'><strong>textuumque</strong></span> <span class='ocrx_word' id='word_1_12' title='bbox 459 578 557 660; x_wconf 87' lang='lat' dir='ltr'><strong>juxta</strong></span> <span class='ocrx_word' id='word_1_13' title='bbox 591 595 630 641; x_wconf 88' lang='lat' dir='ltr'><strong>se</strong></span> <span class='ocrx_word' id='word_1_14' title='bbox 668 574 846 658; x_wconf 84' lang='lat' dir='ltr'><strong>positorum</strong></span> <span class='ocrx_word' id='word_1_15' title='bbox 871 591 1013 654; x_wconf 21' lang='lat' dir='ltr'><strong>,numero</strong></span> <span class='ocrx_word' id='word_1_16' title='bbox 1046 573 1100 638; x_wconf 84' lang='lat' dir='ltr'><strong>vei</strong></span> <span class='ocrx_word' id='word_1_17' title='bbox 1125 555 1326 657; x_wconf 68' lang='lat' dir='ltr'><strong>Teiraplm</strong></span> 
     </span>
    </p>
   </div>
   <div class='ocr_carea' id='block_1_3' title="bbox 215 657 1351 2024">
    <p class='ocr_par' dir='ltr' id='par_1_3' title="bbox 215 657 1351 2024">
     <span class='ocr_line' id='line_1_4' title="bbox 216 657 1325 761; baseline 0.003 -23"><span class='ocrx_word' id='word_1_18' title='bbox 216 683 272 748; x_wconf 70' lang='lat' dir='ltr'><strong>vei</strong></span> <span class='ocrx_word' id='word_1_19' title='bbox 293 663 486 761; x_wconf 72' lang='lat' dir='ltr'><strong>lincopia,</strong></span> <span class='ocrx_word' id='word_1_20' title='bbox 509 677 566 743; x_wconf 87' lang='lat' dir='ltr'><strong>vei</strong></span> <span class='ocrx_word' id='word_1_21' title='bbox 588 661 753 760; x_wconf 85' lang='lat' dir='ltr'><strong>Octupln</strong></span> <span class='ocrx_word' id='word_1_22' title='bbox 775 675 829 741; x_wconf 81' lang='lat' dir='ltr'><strong>vei</strong></span> <span class='ocrx_word' id='word_1_23' title='bbox 853 657 1061 759; x_wconf 72' lang='lat' dir='ltr'><strong>Enneupia</strong></span> <span class='ocrx_word' id='word_1_24' title='bbox 1082 677 1242 742; x_wconf 86' lang='lat' dir='ltr'><strong>nominari</strong></span> <span class='ocrx_word' id='word_1_25' title='bbox 1266 695 1325 741; x_wconf 83' lang='lat' dir='ltr'><strong>so-</strong></span> 
     </span>
     <span class='ocr_line' id='line_1_5' title="bbox 216 759 1326 861; baseline -0.004 -31"><span class='ocrx_word' id='word_1_26' title='bbox 216 766 299 831; x_wconf 90' lang='lat' dir='ltr'><strong>lent.</strong></span> <span class='ocrx_word' id='word_1_27' title='bbox 343 765 417 829; x_wconf 88' lang='lat' dir='ltr'><strong>Hoc</strong></span> <span class='ocrx_word' id='word_1_28' title='bbox 440 764 470 825; x_wconf 90' lang='lat' dir='ltr'><strong>in</strong></span> <span class='ocrx_word' id='word_1_29' title='bbox 492 759 623 846; x_wconf 80' lang='lat' dir='ltr'><strong>Opere,</strong></span> <span class='ocrx_word' id='word_1_30' title='bbox 652 761 739 861; x_wconf 81' lang='lat' dir='ltr'><strong>qnod</strong></span> <span class='ocrx_word' id='word_1_31' title='bbox 764 760 923 825; x_wconf 87' lang='lat' dir='ltr'><strong>immenso</strong></span> <span class='ocrx_word' id='word_1_32' title='bbox 951 759 1183 844; x_wconf 79' lang='lat' dir='ltr'><strong>propemodum</strong></span> <span class='ocrx_word' id='word_1_33' title='bbox 1209 761 1326 826; x_wconf 90' lang='lat' dir='ltr'><strong>labore</strong></span> 
     </span>
     <span class='ocr_line' id='line_1_6' title="bbox 216 843 1325 936; baseline -0.005 -20"><span class='ocrx_word' id='word_1_34' title='bbox 216 863 317 933; x_wconf 83' lang='lat' dir='ltr'><strong>atque</strong></span> <span class='ocrx_word' id='word_1_35' title='bbox 343 846 510 936; x_wconf 74' lang='lat' dir='ltr'>singulari</span> <span class='ocrx_word' id='word_1_36' title='bbox 538 847 636 931; x_wconf 90' lang='lat' dir='ltr'><strong>piane</strong></span> <span class='ocrx_word' id='word_1_37' title='bbox 658 843 822 911; x_wconf 80' lang='lat' dir='ltr'><strong>industria</strong></span> <span class='ocrx_word' id='word_1_38' title='bbox 851 844 1037 910; x_wconf 84' lang='lat' dir='ltr'><strong>coniectum</strong></span> <span class='ocrx_word' id='word_1_39' title='bbox 1069 853 1133 922; x_wconf 85' lang='lat' dir='ltr'><strong>est,</strong></span> <span class='ocrx_word' id='word_1_40' title='bbox 1163 863 1325 932; x_wconf 81' lang='lat' dir='ltr'><strong>grrrecnm</strong></span> 
     </span>
     <span class='ocr_line' id='line_1_7' title="bbox 216 927 1326 1020; baseline -0.008 -20"><span class='ocrx_word' id='word_1_41' title='bbox 216 932 446 1020; x_wconf 74' lang='lat' dir='ltr'><strong>Septuaginta</strong></span> <span class='ocrx_word' id='word_1_42' title='bbox 469 931 688 1015; x_wconf 72' lang='lat' dir='ltr'><strong>interpretum</strong></span> <span class='ocrx_word' id='word_1_43' title='bbox 710 935 836 993; x_wconf 84' lang='lat' dir='ltr'><strong>textum</strong></span> <span class='ocrx_word' id='word_1_44' title='bbox 859 927 902 992; x_wconf 92' lang='lat' dir='ltr'><strong>ad</strong></span> <span class='ocrx_word' id='word_1_45' title='bbox 925 929 1022 994; x_wconf 91' lang='lat' dir='ltr'><strong>iidem</strong></span> <span class='ocrx_word' id='word_1_46' title='bbox 1045 935 1157 995; x_wconf 81' lang='lat' dir='ltr'><strong>textus</strong></span> <span class='ocrx_word' id='word_1_47' title='bbox 1180 929 1326 1015; x_wconf 81' lang='lat' dir='ltr'><strong>origina-</strong></span> 
     </span>
     <span class='ocr_line' id='line_1_8' title="bbox 215 1012 1325 1098; baseline -0.005 -16"><span class='ocrx_word' id='word_1_48' title='bbox 215 1017 259 1084; x_wconf 90' lang='lat' dir='ltr'><strong>lis</strong></span> <span class='ocrx_word' id='word_1_49' title='bbox 296 1016 443 1082; x_wconf 81' lang='lat' dir='ltr'><strong>hebraici</strong></span> <span class='ocrx_word' id='word_1_50' title='bbox 479 1014 673 1080; x_wconf 77' lang='lat' dir='ltr'><strong>reformant</strong></span> <span class='ocrx_word' id='word_1_51' title='bbox 711 1020 812 1098; x_wconf 86' lang='lat' dir='ltr'><strong>atque</strong></span> <span class='ocrx_word' id='word_1_52' title='bbox 837 1012 909 1082; x_wconf 82' lang='lat' dir='ltr'><strong>inte</strong></span> <span class='ocrx_word' id='word_1_53' title='bbox 937 1012 1026 1078; x_wconf 89' lang='lat' dir='ltr'><strong>rituti</strong></span> <span class='ocrx_word' id='word_1_54' title='bbox 1053 1031 1138 1079; x_wconf 91' lang='lat' dir='ltr'><strong>suae</strong></span> <span class='ocrx_word' id='word_1_55' title='bbox 1169 1012 1325 1087; x_wconf 88' lang='lat' dir='ltr'><strong>restituit,</strong></span> 
     </span>
     <span class='ocr_line' id='line_1_9' title="bbox 217 1095 1324 1182; baseline -0.004 -16"><span class='ocrx_word' id='word_1_56' title='bbox 217 1119 399 1182; x_wconf 82' lang='lat' dir='ltr'><strong>omnesque</strong></span> <span class='ocrx_word' id='word_1_57' title='bbox 421 1106 498 1164; x_wconf 76' lang='lat' dir='ltr'><strong>turno</strong></span> <span class='ocrx_word' id='word_1_58' title='bbox 520 1105 676 1164; x_wconf 83' lang='lat' dir='ltr'><strong>extantes</strong></span> <span class='ocrx_word' id='word_1_59' title='bbox 705 1095 879 1162; x_wconf 74' lang='lat' dir='ltr'><strong>versiones</strong></span> <span class='ocrx_word' id='word_1_60' title='bbox 933 1116 1053 1163; x_wconf 84' lang='lat' dir='ltr'><strong>raeces</strong></span> <span class='ocrx_word' id='word_1_61' title='bbox 1087 1095 1225 1180; x_wconf 87' lang='lat' dir='ltr'><strong>adjecit,</strong></span> <span class='ocrx_word' id='word_1_62' title='bbox 1256 1102 1324 1162; x_wconf 91' lang='lat' dir='ltr'><strong>tum</strong></span> 
     </span>
     <span class='ocr_line' id='line_1_10' title="bbox 215 1179 1351 1269; baseline -0.004 -19"><span class='ocrx_word' id='word_1_63' title='bbox 215 1191 253 1250; x_wconf 94' lang='lat' dir='ltr'><strong>ut</strong></span> <span class='ocrx_word' id='word_1_64' title='bbox 274 1184 421 1269; x_wconf 88' lang='lat' dir='ltr'><strong>prudens</strong></span> <span class='ocrx_word' id='word_1_65' title='bbox 443 1182 547 1248; x_wconf 90' lang='lat' dir='ltr'><strong>lector</strong></span> <span class='ocrx_word' id='word_1_66' title='bbox 569 1202 613 1246; x_wconf 84' lang='lat' dir='ltr'><strong>ex</strong></span> <span class='ocrx_word' id='word_1_67' title='bbox 635 1182 807 1247; x_wconf 87' lang='lat' dir='ltr'><strong>multarum</strong></span> <span class='ocrx_word' id='word_1_68' title='bbox 820 1179 1124 1268; x_wconf 79' lang='lat' dir='ltr'><strong>interpretationum</strong></span> <span class='ocrx_word' id='word_1_69' title='bbox 1145 1180 1325 1246; x_wconf 90' lang='lat' dir='ltr'><strong>collatione</strong></span> <span class='ocrx_word' id='word_1_70' title='bbox 1348 1193 1351 1198; x_wconf 82' lang='lat'>&#39;</span> 
     </span>
     <span class='ocr_line' id='line_1_11' title="bbox 216 1263 1324 1360; baseline -0.003 -27"><span class='ocrx_word' id='word_1_71' title='bbox 216 1275 353 1353; x_wconf 83' lang='lat' dir='ltr'><strong>posset,</strong></span> <span class='ocrx_word' id='word_1_72' title='bbox 383 1284 543 1352; x_wconf 83' lang='lat' dir='ltr'><strong>quaenam</strong></span> <span class='ocrx_word' id='word_1_73' title='bbox 573 1265 685 1332; x_wconf 87' lang='lat' dir='ltr'><strong>verior</strong></span> <span class='ocrx_word' id='word_1_74' title='bbox 714 1263 894 1360; x_wconf 81' lang='lat' dir='ltr'><strong>explicatio</strong></span> <span class='ocrx_word' id='word_1_75' title='bbox 922 1273 1032 1340; x_wconf 87' lang='lat' dir='ltr'><strong>esset,</strong></span> <span class='ocrx_word' id='word_1_76' title='bbox 1061 1263 1324 1352; x_wconf 84' lang='lat' dir='ltr'><strong>deprehendere,</strong></span> 
     </span>
     <span class='ocr_line' id='line_1_12' title="bbox 216 1347 1323 1434; baseline -0.003 -19"><span class='ocrx_word' id='word_1_77' title='bbox 216 1359 286 1416; x_wconf 90' lang='lat' dir='ltr'><strong>tum</strong></span> <span class='ocrx_word' id='word_1_78' title='bbox 316 1358 351 1415; x_wconf 91' lang='lat' dir='ltr'><strong>nt</strong></span> <span class='ocrx_word' id='word_1_79' title='bbox 383 1349 562 1416; x_wconf 85' lang='lat' dir='ltr'><strong>hebraicae</strong></span> <span class='ocrx_word' id='word_1_80' title='bbox 590 1349 727 1429; x_wconf 72' lang='lat' dir='ltr'><strong>linguae</strong></span> <span class='ocrx_word' id='word_1_81' title='bbox 763 1349 903 1432; x_wconf 83' lang='lat' dir='ltr'><strong>imperiti</strong></span> <span class='ocrx_word' id='word_1_82' title='bbox 939 1356 1078 1434; x_wconf 84' lang='lat' dir='ltr'><strong>possent</strong></span> <span class='ocrx_word' id='word_1_83' title='bbox 1109 1347 1243 1432; x_wconf 87' lang='lat' dir='ltr'><strong>plurium</strong></span> <span class='ocrx_word' id='word_1_84' title='bbox 1273 1349 1323 1412; x_wconf 91' lang='lat' dir='ltr'><strong>in·</strong></span> 
     </span>
     <span class='ocr_line' id='line_1_13' title="bbox 218 1431 1322 1511; baseline -0.004 -11"><span class='ocrx_word' id='word_1_85' title='bbox 218 1443 270 1500; x_wconf 92' lang='lat' dir='ltr'><strong>ter</strong></span> <span class='ocrx_word' id='word_1_86' title='bbox 291 1453 331 1499; x_wconf 90' lang='lat' dir='ltr'><strong>se</strong></span> <span class='ocrx_word' id='word_1_87' title='bbox 352 1433 626 1500; x_wconf 86' lang='lat' dir='ltr'><strong>consentientium</strong></span> <span class='ocrx_word' id='word_1_88' title='bbox 646 1432 876 1499; x_wconf 86' lang='lat' dir='ltr'><strong>auctoritatem</strong></span> <span class='ocrx_word' id='word_1_89' title='bbox 898 1452 949 1498; x_wconf 92' lang='lat' dir='ltr'><strong>am</strong></span> <span class='ocrx_word' id='word_1_90' title='bbox 975 1434 1066 1511; x_wconf 90' lang='lat' dir='ltr'><strong>lecti,</strong></span> <span class='ocrx_word' id='word_1_91' title='bbox 1099 1439 1165 1498; x_wconf 89' lang='lat' dir='ltr'><strong>tum</strong></span> <span class='ocrx_word' id='word_1_92' title='bbox 1198 1440 1234 1497; x_wconf 91' lang='lat' dir='ltr'><strong>ut</strong></span> <span class='ocrx_word' id='word_1_93' title='bbox 1261 1431 1322 1496; x_wconf 88' lang='lat' dir='ltr'><strong>be·</strong></span> 
     </span>
     <span class='ocr_line' id='line_1_14' title="bbox 216 1455 1323 1604; baseline -0.002 -20"><span class='ocrx_word' id='word_1_94' title='bbox 216 1517 330 1584; x_wconf 84' lang='lat' dir='ltr'><strong>braine</strong></span> <span class='ocrx_word' id='word_1_95' title='bbox 353 1518 442 1584; x_wconf 88' lang='lat' dir='ltr'><strong>docti</strong></span> <span class='ocrx_word' id='word_1_96' title='bbox 465 1536 524 1602; x_wconf 89' lang='lat' dir='ltr'><strong>pro</strong></span> <span class='ocrx_word' id='word_1_97' title='bbox 546 1536 598 1594; x_wconf 89' lang='lat' dir='ltr'><strong>ea,</strong></span> <span class='ocrx_word' id='word_1_98' title='bbox 621 1536 686 1604; x_wconf 84' lang='lat' dir='ltr'><strong>qua</strong></span> <span class='ocrx_word' id='word_1_99' title='bbox 707 1515 888 1601; x_wconf 91' lang='lat' dir='ltr'><strong>pollebant,</strong></span> <span class='ocrx_word' id='word_1_100' title='bbox 910 1455 1135 1583; x_wconf 48' lang='lat' dir='ltr'><strong>hebraicarum</strong></span> <span class='ocrx_word' id='word_1_101' title='bbox 1155 1514 1323 1582; x_wconf 86' lang='lat' dir='ltr'><strong>literarum</strong></span> 
     </span>
     <span class='ocr_line' id='line_1_15' title="bbox 216 1599 1323 1753; baseline -0.002 -1"><span class='ocrx_word' id='word_1_102' title='bbox 216 1603 510 1753; x_wconf 63' lang='lat' dir='ltr'><strong>titillanti·</strong></span> <span class='ocrx_word' id='word_1_103' title='bbox 523 1599 1323 1751; x_wconf 55' lang='lat' dir='ltr'><strong>,dimittit‘nstittittiii&#39;idtt</strong></span> 
     </span>
     <span class='ocr_line' id='line_1_16' title="bbox 216 1706 1323 1854; baseline -0.003 -19"><span class='ocrx_word' id='word_1_104' title='bbox 216 1731 411 1844; x_wconf 79' lang='lat' dir='ltr'><strong>Christidai‚</strong></span> <span class='ocrx_word' id='word_1_105' title='bbox 434 1769 488 1854; x_wconf 84' lang='lat' dir='ltr'><strong>qni</strong></span> <span class='ocrx_word' id='word_1_106' title='bbox 497 1706 666 1834; x_wconf 70' lang='lat' dir='ltr'><strong>gtersione</strong></span> <span class='ocrx_word' id='word_1_107' title='bbox 687 1707 918 1853; x_wconf 73' lang='lat' dir='ltr'><strong>Septuagintd</strong></span> <span class='ocrx_word' id='word_1_108' title='bbox 936 1710 1157 1853; x_wconf 80' lang='lat' dir='ltr'><strong>idterpretum</strong></span> <span class='ocrx_word' id='word_1_109' title='bbox 1179 1769 1225 1833; x_wconf 91' lang='lat' dir='ltr'><strong>nti</strong></span> <span class='ocrx_word' id='word_1_110' title='bbox 1248 1787 1323 1834; x_wconf 93' lang='lat' dir='ltr'><strong>con-</strong></span> 
     </span>
     <span class='ocr_line' id='line_1_17' title="bbox 215 1852 1323 1972; baseline 0.001 -53"><span class='ocrx_word' id='word_1_111' title='bbox 215 1872 371 1930; x_wconf 87' lang='lat' dir='ltr'><strong>suevere,</strong></span> <span class='ocrx_word' id='word_1_112' title='bbox 394 1860 549 1917; x_wconf 89' lang='lat' dir='ltr'><strong>accurate</strong></span> <span class='ocrx_word' id='word_1_113' title='bbox 570 1852 714 1932; x_wconf 90' lang='lat' dir='ltr'><strong>scirent,</strong></span> <span class='ocrx_word' id='word_1_114' title='bbox 736 1870 899 1972; x_wconf 75' lang='lat' dir='ltr'><strong>‹praenam</strong></span> <span class='ocrx_word' id='word_1_115' title='bbox 920 1853 953 1919; x_wconf 93' lang='lat' dir='ltr'><strong>in</strong></span> <span class='ocrx_word' id='word_1_116' title='bbox 978 1857 1069 1920; x_wconf 89' lang='lat' dir='ltr'><strong>textu</strong></span> <span class='ocrx_word' id='word_1_117' title='bbox 1093 1853 1249 1920; x_wconf 85' lang='lat' dir='ltr'><strong>hebraico</strong></span> <span class='ocrx_word' id='word_1_118' title='bbox 1271 1852 1323 1920; x_wconf 91' lang='lat' dir='ltr'><strong>ie·</strong></span> 
     </span>
     <span class='ocr_line' id='line_1_18' title="bbox 215 1941 810 2024; baseline -0.005 -21"><span class='ocrx_word' id='word_1_119' title='bbox 215 1946 388 2024; x_wconf 79' lang='lat' dir='ltr'><strong>gerentur,</strong></span> <span class='ocrx_word' id='word_1_120' title='bbox 410 1953 496 2022; x_wconf 87' lang='lat' dir='ltr'><strong>quae</strong></span> <span class='ocrx_word' id='word_1_121' title='bbox 518 1955 599 2002; x_wconf 80' lang='lat' dir='ltr'><strong>uero</strong></span> <span class='ocrx_word' id='word_1_122' title='bbox 621 1953 723 2002; x_wconf 87' lang='lat' dir='ltr'><strong>secus</strong></span> <span class='ocrx_word' id='word_1_123' title='bbox 765 1941 778 2015; x_wconf 93' lang='lat'>)</span> <span class='ocrx_word' id='word_1_124' title='bbox 808 1961 810 1966; x_wconf 96' lang='lat'>·</span> 
     </span>
    </p>
   </div>
   <div class='ocr_carea' id='block_1_4' title="bbox 213 2043 1323 2471">
    <p class='ocr_par' dir='ltr' id='par_1_4' title="bbox 213 2043 1323 2471">
     <span class='ocr_line' id='line_1_19' title="bbox 300 2043 1323 2135; baseline -0.005 -21"><span class='ocrx_word' id='word_1_125' title='bbox 300 2046 349 2114; x_wconf 88' lang='lat' dir='ltr'><strong>Se</strong></span> <span class='ocrx_word' id='word_1_126' title='bbox 373 2043 616 2130; x_wconf 86' lang='lat' dir='ltr'><strong>uunturOpera</strong></span> <span class='ocrx_word' id='word_1_127' title='bbox 638 2048 818 2131; x_wconf 71' lang='lat' dir='ltr'><strong>exegetica,</strong></span> <span class='ocrx_word' id='word_1_128' title='bbox 841 2067 902 2132; x_wconf 91' lang='lat' dir='ltr'><strong>per</strong></span> <span class='ocrx_word' id='word_1_129' title='bbox 924 2065 1008 2133; x_wconf 83' lang='lat' dir='ltr'><strong>quae</strong></span> <span class='ocrx_word' id='word_1_130' title='bbox 1031 2046 1197 2135; x_wconf 87' lang='lat' dir='ltr'><strong>plerisque</strong></span> <span class='ocrx_word' id='word_1_131' title='bbox 1213 2044 1323 2111; x_wconf 61' lang='lat' dir='ltr'><strong>Grae:</strong></span> 
     </span>
     <span class='ocr_line' id='line_1_20' title="bbox 215 2068 1322 2225; baseline 0 -29"><span class='ocrx_word' id='word_1_132' title='bbox 215 2151 326 2197; x_wconf 91' lang='lat' dir='ltr'><strong>corum</strong></span> <span class='ocrx_word' id='word_1_133' title='bbox 349 2068 619 2225; x_wconf 28' lang='lat' dir='ltr'><strong>datiumniacem</strong></span> <span class='ocrx_word' id='word_1_134' title='bbox 648 2131 815 2215; x_wconf 90' lang='lat' dir='ltr'><strong>praetulit.</strong></span> <span class='ocrx_word' id='word_1_135' title='bbox 859 2131 957 2196; x_wconf 84' lang='lat' dir='ltr'><strong>Licet</strong></span> <span class='ocrx_word' id='word_1_136' title='bbox 986 2134 1071 2197; x_wconf 89' lang='lat' dir='ltr'><strong>enirn</strong></span> <span class='ocrx_word' id='word_1_137' title='bbox 1102 2151 1166 2196; x_wconf 94' lang='lat' dir='ltr'><strong>non</strong></span> <span class='ocrx_word' id='word_1_138' title='bbox 1197 2132 1322 2216; x_wconf 85' lang='lat' dir='ltr'><strong>primus</strong></span> 
     </span>
     <span class='ocr_line' id='line_1_21' title="bbox 215 2214 1322 2297; baseline -0.001 -16"><span class='ocrx_word' id='word_1_139' title='bbox 215 2215 254 2281; x_wconf 82' lang='lat' dir='ltr'><strong>S.</strong></span> <span class='ocrx_word' id='word_1_140' title='bbox 274 2214 469 2297; x_wconf 73' lang='lat' dir='ltr'><strong>scripturae</strong></span> <span class='ocrx_word' id='word_1_141' title='bbox 490 2215 763 2293; x_wconf 79' lang='lat' dir='ltr'><strong>interpretandae</strong></span> <span class='ocrx_word' id='word_1_142' title='bbox 785 2233 916 2280; x_wconf 87' lang='lat' dir='ltr'><strong>manum</strong></span> <span class='ocrx_word' id='word_1_143' title='bbox 939 2214 1138 2290; x_wconf 86' lang='lat' dir='ltr'><strong>admoverit,</strong></span> <span class='ocrx_word' id='word_1_144' title='bbox 1160 2214 1247 2280; x_wconf 90' lang='lat' dir='ltr'><strong>banc</strong></span> <span class='ocrx_word' id='word_1_145' title='bbox 1266 2221 1322 2280; x_wconf 90' lang='lat' dir='ltr'><strong>ta-</strong></span> 
     </span>
     <span class='ocr_line' id='line_1_22' title="bbox 213 2297 1323 2396; baseline 0.002 -32"><span class='ocrx_word' id='word_1_146' title='bbox 213 2317 291 2364; x_wconf 91' lang='lat' dir='ltr'><strong>men</strong></span> <span class='ocrx_word' id='word_1_147' title='bbox 312 2298 535 2384; x_wconf 84' lang='lat' dir='ltr'><strong>explicandae</strong></span> <span class='ocrx_word' id='word_1_148' title='bbox 559 2297 755 2396; x_wconf 84' lang='lat' dir='ltr'><strong>Scripturae</strong></span> <span class='ocrx_word' id='word_1_149' title='bbox 776 2306 880 2364; x_wconf 88' lang='lat' dir='ltr'><strong>artem</strong></span> <span class='ocrx_word' id='word_1_150' title='bbox 914 2300 1047 2364; x_wconf 86' lang='lat' dir='ltr'><strong>muitum</strong></span> <span class='ocrx_word' id='word_1_151' title='bbox 1083 2299 1255 2386; x_wconf 85' lang='lat' dir='ltr'><strong>provexit,</strong></span> <span class='ocrx_word' id='word_1_152' title='bbox 1287 2305 1323 2366; x_wconf 92' lang='lat' dir='ltr'><strong>ei</strong></span> 
     </span>
     <span class='ocr_line' id='line_1_23' title="bbox 213 2381 1323 2471; baseline 0.002 -24"><span class='ocrx_word' id='word_1_153' title='bbox 213 2383 338 2468; x_wconf 87' lang='lat' dir='ltr'><strong>primus</strong></span> <span class='ocrx_word' id='word_1_154' title='bbox 359 2382 456 2448; x_wconf 88' lang='lat' dir='ltr'><strong>varia</strong></span> <span class='ocrx_word' id='word_1_155' title='bbox 476 2381 746 2466; x_wconf 77' lang='lat' dir='ltr'><strong>explanationum</strong></span> <span class='ocrx_word' id='word_1_156' title='bbox 768 2401 897 2471; x_wconf 83' lang='lat' dir='ltr'><strong>genera</strong></span> <span class='ocrx_word' id='word_1_157' title='bbox 913 2384 1109 2470; x_wconf 75' lang='lat' dir='ltr'><strong>Scripturas</strong></span> <span class='ocrx_word' id='word_1_158' title='bbox 1131 2383 1323 2450; x_wconf 88' lang='lat' dir='ltr'><strong>accomoda·</strong></span> 
     </span>
    </p>
   </div>
   <div class='ocr_carea' id='block_1_5' title="bbox 215 2467 1322 2571">
    <p class='ocr_par' dir='ltr' id='par_1_5' title="bbox 215 2467 1322 2571">
     <span class='ocr_line' id='line_1_24' title="bbox 215 2467 1322 2571; baseline 0.003 -22"><span class='ocrx_word' id='word_1_159' title='bbox 215 2484 274 2549; x_wconf 82' lang='lat' dir='ltr'><strong>vit.</strong></span> <span class='ocrx_word' id='word_1_160' title='bbox 316 2483 403 2549; x_wconf 92' lang='lat' dir='ltr'><strong>Nam</strong></span> <span class='ocrx_word' id='word_1_161' title='bbox 426 2483 484 2550; x_wconf 90' lang='lat' dir='ltr'><strong>vel</strong></span> <span class='ocrx_word' id='word_1_162' title='bbox 505 2481 635 2549; x_wconf 87' lang='lat' dir='ltr'><strong>ditinsis</strong></span> <span class='ocrx_word' id='word_1_163' title='bbox 655 2467 960 2557; x_wconf 73' lang='lat' dir='ltr'><strong>Commentariis,</strong></span> <span class='ocrx_word' id='word_1_164' title='bbox 981 2503 1064 2571; x_wconf 84' lang='lat' dir='ltr'><strong>quos</strong></span> <span class='ocrx_word' id='word_1_165' title='bbox 1087 2485 1161 2570; x_wconf 87' lang='lat' dir='ltr'><strong>ipae</strong></span> <span class='ocrx_word' id='word_1_166' title='bbox 1188 2494 1322 2564; x_wconf 77' lang='grc' dir='ltr'><strong><em>τομους</em></strong></span> 
     </span>
    </p>
   </div>
   <div class='ocr_carea' id='block_1_6' title="bbox 213 2567 1322 2758">
    <p class='ocr_par' dir='ltr' id='par_1_6' title="bbox 213 2567 1322 2758">
     <span class='ocr_line' id='line_1_25' title="bbox 213 2567 1322 2676; baseline 0.003 -24"><span class='ocrx_word' id='word_1_167' title='bbox 213 2585 368 2665; x_wconf 81' lang='lat' dir='ltr'><strong>vocavit,</strong></span> <span class='ocrx_word' id='word_1_168' title='bbox 402 2601 463 2651; x_wconf 87' lang='lat' dir='ltr'><strong>nos</strong></span> <span class='ocrx_word' id='word_1_169' title='bbox 490 2567 691 2648; x_wconf 76' lang='lat' dir='ltr'><strong>Volumina</strong></span> <span class='ocrx_word' id='word_1_170' title='bbox 726 2609 902 2672; x_wconf 88' lang='lat' dir='ltr'><strong>possumus</strong></span> <span class='ocrx_word' id='word_1_171' title='bbox 928 2606 1134 2672; x_wconf 83' lang='lat' dir='ltr'><strong>nuncupare,</strong></span> <span class='ocrx_word' id='word_1_172' title='bbox 1161 2587 1322 2676; x_wconf 82' lang='lat' dir='ltr'><strong>quidquid</strong></span> 
     </span>
     <span class='ocr_line' id='line_1_26' title="bbox 213 2669 1321 2758; baseline 0.003 -23"><span class='ocrx_word' id='word_1_173' title='bbox 213 2671 474 2756; x_wconf 84' lang='lat' dir='ltr'><strong>suppeditabant</strong></span> <span class='ocrx_word' id='word_1_174' title='bbox 499 2669 669 2754; x_wconf 83' lang='lat' dir='ltr'><strong>ingenium</strong></span> <span class='ocrx_word' id='word_1_175' title='bbox 697 2681 733 2740; x_wconf 90' lang='lat' dir='ltr'><strong>et</strong></span> <span class='ocrx_word' id='word_1_176' title='bbox 763 2672 932 2750; x_wconf 85' lang='lat' dir='ltr'><strong>doctrina,</strong></span> <span class='ocrx_word' id='word_1_177' title='bbox 966 2673 1096 2756; x_wconf 85' lang='lat' dir='ltr'><strong>prolixe</strong></span> <span class='ocrx_word' id='word_1_178' title='bbox 1133 2674 1321 2758; x_wconf 70' lang='lat' dir='ltr'><strong>congessit,</strong></span> 
     </span>
    </p>
   </div>
   <div class='ocr_carea' id='block_1_7' title="bbox 213 2753 1322 3109">
    <p class='ocr_par' dir='ltr' id='par_1_7' title="bbox 213 2753 1322 3109">
     <span class='ocr_line' id='line_1_27' title="bbox 213 2753 1322 2860; baseline 0.005 -24"><span class='ocrx_word' id='word_1_179' title='bbox 213 2753 466 2836; x_wconf 72' lang='lat' dir='ltr'><strong>versationis</strong></span> <span class='ocrx_word' id='word_1_180' title='bbox 497 2790 559 2835; x_wconf 87' lang='lat' dir='ltr'><strong>seu</strong></span> <span class='ocrx_word' id='word_1_181' title='bbox 583 2771 780 2855; x_wconf 72' lang='lat' dir='ltr'><strong>nacerpta,</strong></span> <span class='ocrx_word' id='word_1_182' title='bbox 817 2791 901 2860; x_wconf 87' lang='lat' dir='ltr'><strong>quae</strong></span> <span class='ocrx_word' id='word_1_183' title='bbox 930 2771 1052 2838; x_wconf 87' lang='lat' dir='ltr'><strong>breves</strong></span> <span class='ocrx_word' id='word_1_184' title='bbox 1091 2780 1189 2837; x_wconf 87' lang='lat' dir='ltr'><strong>erant</strong></span> <span class='ocrx_word' id='word_1_185' title='bbox 1221 2781 1322 2841; x_wconf 89' lang='lat' dir='ltr'><strong>notae</strong></span> 
     </span>
     <span class='ocr_line' id='line_1_28' title="bbox 213 2853 1322 2923; baseline 0.004 -4"><span class='ocrx_word' id='word_1_186' title='bbox 213 2855 401 2920; x_wconf 89' lang='lat' dir='ltr'><strong>enodandis</strong></span> <span class='ocrx_word' id='word_1_187' title='bbox 424 2853 506 2919; x_wconf 89' lang='lat' dir='ltr'><strong>iocis</strong></span> <span class='ocrx_word' id='word_1_188' title='bbox 528 2855 785 2922; x_wconf 89' lang='lat' dir='ltr'><strong>intricatioribus</strong></span> <span class='ocrx_word' id='word_1_189' title='bbox 806 2864 842 2922; x_wconf 90' lang='lat' dir='ltr'><strong>et</strong></span> <span class='ocrx_word' id='word_1_190' title='bbox 870 2856 1129 2922; x_wconf 84' lang='lat' dir='ltr'><strong>abstrusioribus</strong></span> <span class='ocrx_word' id='word_1_191' title='bbox 1162 2857 1322 2923; x_wconf 85' lang='lat' dir='ltr'><strong>sensibus</strong></span> 
     </span>
     <span class='ocr_line' id='line_1_29' title="bbox 213 2937 1322 3026; baseline 0.001 -22"><span class='ocrx_word' id='word_1_192' title='bbox 213 2937 382 3016; x_wconf 77' lang='lat' dir='ltr'><strong>eruendis,</strong></span> <span class='ocrx_word' id='word_1_193' title='bbox 410 2937 602 3004; x_wconf 84' lang='lat' dir='ltr'><strong>obscuriora</strong></span> <span class='ocrx_word' id='word_1_194' title='bbox 633 2957 785 3025; x_wconf 85' lang='lat' dir='ltr'><strong>quaeque</strong></span> <span class='ocrx_word' id='word_1_195' title='bbox 813 2939 1008 3011; x_wconf 69' lang='lat' dir='ltr'><strong>illustravit:</strong></span> <span class='ocrx_word' id='word_1_196' title='bbox 1042 2939 1097 3004; x_wconf 91' lang='lat' dir='ltr'><strong>vei</strong></span> <span class='ocrx_word' id='word_1_197' title='bbox 1133 2937 1176 3004; x_wconf 91' lang='lat' dir='ltr'><strong>ad</strong></span> <span class='ocrx_word' id='word_1_198' title='bbox 1209 2941 1322 3026; x_wconf 92' lang='lat' dir='ltr'><strong>popuii</strong></span> 
     </span>
     <span class='ocr_line' id='line_1_30' title="bbox 213 3021 1322 3109; baseline 0.003 -21"><span class='ocrx_word' id='word_1_199' title='bbox 213 3032 345 3109; x_wconf 86' lang='lat' dir='ltr'><strong>captum</strong></span> <span class='ocrx_word' id='word_1_200' title='bbox 374 3041 453 3089; x_wconf 90' lang='lat' dir='ltr'><strong>sese</strong></span> <span class='ocrx_word' id='word_1_201' title='bbox 490 3021 640 3102; x_wconf 86' lang='lat' dir='ltr'><strong>demisit,</strong></span> <span class='ocrx_word' id='word_1_202' title='bbox 673 3030 708 3088; x_wconf 92' lang='lat' dir='ltr'><strong>ct</strong></span> <span class='ocrx_word' id='word_1_203' title='bbox 743 3022 889 3089; x_wconf 84' lang='lat' dir='ltr'><strong>selectas</strong></span> <span class='ocrx_word' id='word_1_204' title='bbox 922 3021 1085 3102; x_wconf 79' lang='lat' dir='ltr'><strong>urrasdam</strong></span> <span class='ocrx_word' id='word_1_205' title='bbox 1123 3021 1322 3108; x_wconf 76' lang='lat' dir='ltr'><strong>Scripturas</strong></span> 
     </span>
    </p>
   </div>
   <div class='ocr_carea' id='block_1_8' title="bbox 213 3106 1323 3295">
    <p class='ocr_par' dir='ltr' id='par_1_8' title="bbox 213 3106 1323 3295">
     <span class='ocr_line' id='line_1_31' title="bbox 213 3106 1323 3295; baseline -0.005 -104"><span class='ocrx_word' id='word_1_206' title='bbox 213 3125 518 3295; x_wconf 48' lang='lat' dir='ltr'><strong>ggffigffddms</strong></span> <span class='ocrx_word' id='word_1_207' title='bbox 546 3129 703 3190; x_wconf 87' lang='lat' dir='ltr'><strong>accurate</strong></span> <span class='ocrx_word' id='word_1_208' title='bbox 732 3141 793 3208; x_wconf 91' lang='lat' dir='ltr'><strong>per</strong></span> <span class='ocrx_word' id='word_1_209' title='bbox 813 3106 1005 3183; x_wconf 77' lang='lat' dir='ltr'><strong>iiomttiua</strong></span> <span class='ocrx_word' id='word_1_210' title='bbox 1025 3143 1089 3192; x_wconf 89' lang='lat' dir='ltr'><strong>seu</strong></span> <span class='ocrx_word' id='word_1_211' title='bbox 1112 3107 1323 3186; x_wconf 69' lang='lat' dir='ltr'><strong>Trncioine</strong></span> 
     </span>
    </p>
   </div>
   <div class='ocr_carea' id='block_1_9' title="bbox 214 3368 424 3384">
    <p class='ocr_par' dir='ltr' id='par_1_9' title="bbox 214 3368 424 3384">
     <span class='ocr_line' id='line_1_32' title="bbox 214 3368 424 3384; baseline -0.005 0"><span class='ocrx_word' id='word_1_212' title='bbox 214 3368 424 3384; x_wconf 50' lang='lat' dir='ltr'><strong>m·</strong></span> 
     </span>
    </p>
   </div>
   <div class='ocr_carea' id='block_1_10' title="bbox 266 3455 1319 4086">
    <p class='ocr_par' dir='ltr' id='par_1_10' title="bbox 266 3455 1319 4086">
     <span class='ocr_line' id='line_1_33' title="bbox 266 3455 1318 3529; baseline 0 -13"><span class='ocrx_word' id='word_1_213' title='bbox 266 3458 297 3526; x_wconf 74' lang='lat' dir='ltr'><strong>*i</strong></span> <span class='ocrx_word' id='word_1_214' title='bbox 315 3464 389 3526; x_wconf 83' lang='lat' dir='ltr'><strong>Opus</strong></span> <span class='ocrx_word' id='word_1_215' title='bbox 415 3466 487 3526; x_wconf 86' lang='lat' dir='ltr'><strong>boe,</strong></span> <span class='ocrx_word' id='word_1_216' title='bbox 515 3467 585 3527; x_wconf 82' lang='lat' dir='ltr'><strong>quoi</strong></span> <span class='ocrx_word' id='word_1_217' title='bbox 611 3466 647 3515; x_wconf 84' lang='lat' dir='ltr'><strong>ob</strong></span> <span class='ocrx_word' id='word_1_218' title='bbox 673 3467 785 3516; x_wconf 82' lang='lat' dir='ltr'><strong>nimiam</strong></span> <span class='ocrx_word' id='word_1_219' title='bbox 810 3466 908 3517; x_wconf 81' lang='lat' dir='ltr'><strong>realem</strong></span> <span class='ocrx_word' id='word_1_220' title='bbox 933 3477 1071 3529; x_wconf 81' lang='lat' dir='ltr'><strong>nunquam</strong></span> <span class='ocrx_word' id='word_1_221' title='bbox 1091 3468 1211 3518; x_wconf 70' lang='lat' dir='ltr'><strong>tortam</strong></span> <span class='ocrx_word' id='word_1_222' title='bbox 1232 3455 1318 3517; x_wconf 75' lang='lat' dir='ltr'><strong>tritara</strong></span> 
     </span>
     <span class='ocr_line' id='line_1_34' title="bbox 316 3534 1319 3599; baseline 0.002 -15"><span class='ocrx_word' id='word_1_223' title='bbox 316 3538 483 3597; x_wconf 79' lang='lat' dir='ltr'><strong>descriptura</strong></span> <span class='ocrx_word' id='word_1_224' title='bbox 502 3534 571 3595; x_wconf 84' lang='lat' dir='ltr'><strong>tuit,</strong></span> <span class='ocrx_word' id='word_1_225' title='bbox 596 3547 713 3586; x_wconf 79' lang='lat' dir='ltr'><strong>unacum</strong></span> <span class='ocrx_word' id='word_1_226' title='bbox 732 3539 902 3588; x_wconf 76' lang='lat' dir='ltr'><strong>bibliotheca</strong></span> <span class='ocrx_word' id='word_1_227' title='bbox 918 3537 1118 3596; x_wconf 79' lang='lat' dir='ltr'><strong>Gaesareessi,</strong></span> <span class='ocrx_word' id='word_1_228' title='bbox 1144 3541 1172 3587; x_wconf 86' lang='grc' dir='ltr'><strong>ιιι</strong></span> <span class='ocrx_word' id='word_1_229' title='bbox 1197 3548 1251 3599; x_wconf 81' lang='lat' dir='ltr'><strong>qua</strong></span> <span class='ocrx_word' id='word_1_230' title='bbox 1269 3547 1319 3587; x_wconf 84' lang='lat' dir='ltr'><strong>as-</strong></span> 
     </span>
     <span class='ocr_line' id='line_1_35' title="bbox 315 3603 1319 3667; baseline 0.004 -13"><span class='ocrx_word' id='word_1_231' title='bbox 315 3607 499 3666; x_wconf 85' lang='lat' dir='ltr'><strong>servabatur,</strong></span> <span class='ocrx_word' id='word_1_232' title='bbox 529 3607 631 3667; x_wconf 83' lang='lat' dir='ltr'><strong>pariii,</strong></span> <span class='ocrx_word' id='word_1_233' title='bbox 660 3617 722 3656; x_wconf 89' lang='lat' dir='ltr'><strong>oum</strong></span> <span class='ocrx_word' id='word_1_234' title='bbox 741 3609 810 3656; x_wconf 83' lang='lat' dir='ltr'><strong>baec</strong></span> <span class='ocrx_word' id='word_1_235' title='bbox 827 3607 892 3660; x_wconf 83' lang='lat' dir='ltr'><strong>arba</strong></span> <span class='ocrx_word' id='word_1_236' title='bbox 910 3618 937 3656; x_wconf 75' lang='lat' dir='ltr'><strong>a·</strong></span> <span class='ocrx_word' id='word_1_237' title='bbox 956 3603 1020 3656; x_wconf 81' lang='lat'><strong>653.</strong></span> <span class='ocrx_word' id='word_1_238' title='bbox 1044 3608 1077 3656; x_wconf 86' lang='lat' dir='ltr'><strong>ab</strong></span> <span class='ocrx_word' id='word_1_239' title='bbox 1098 3607 1236 3658; x_wconf 79' lang='lat' dir='ltr'><strong>arabibus</strong></span> <span class='ocrx_word' id='word_1_240' title='bbox 1266 3618 1319 3658; x_wconf 88' lang='lat' dir='ltr'><strong>ex-</strong></span> 
     </span>
     <span class='ocr_line' id='line_1_36' title="bbox 314 3670 1318 3737; baseline 0.003 -15"><span class='ocrx_word' id='word_1_241' title='bbox 314 3680 496 3736; x_wconf 75' lang='lat' dir='ltr'><strong>pugnaretur·</strong></span> <span class='ocrx_word' id='word_1_242' title='bbox 533 3675 700 3737; x_wconf 73' lang='lat' dir='ltr'><strong>Fragmenta</strong></span> <span class='ocrx_word' id='word_1_243' title='bbox 725 3670 847 3737; x_wconf 82' lang='lat' dir='ltr'><strong>ejusdem</strong></span> <span class='ocrx_word' id='word_1_244' title='bbox 870 3679 941 3736; x_wconf 81' lang='lat' dir='ltr'><strong>apud</strong></span> <span class='ocrx_word' id='word_1_245' title='bbox 965 3677 1086 3725; x_wconf 81' lang='lat' dir='ltr'><strong>Veteres</strong></span> <span class='ocrx_word' id='word_1_246' title='bbox 1109 3678 1208 3737; x_wconf 77' lang='lat' dir='ltr'><strong>passius</strong></span> <span class='ocrx_word' id='word_1_247' title='bbox 1235 3675 1318 3725; x_wconf 86' lang='lat' dir='ltr'><strong>obvia</strong></span> 
     </span>
     <span class='ocr_line' id='line_1_37' title="bbox 316 3741 1316 3807; baseline 0.001 -13"><span class='ocrx_word' id='word_1_248' title='bbox 316 3743 432 3807; x_wconf 78' lang='lat' dir='ltr'><strong>collegit</strong></span> <span class='ocrx_word' id='word_1_249' title='bbox 450 3749 479 3792; x_wconf 83' lang='lat' dir='ltr'><strong>st</strong></span> <span class='ocrx_word' id='word_1_250' title='bbox 496 3746 600 3804; x_wconf 83' lang='lat' dir='ltr'><strong>publici</strong></span> <span class='ocrx_word' id='word_1_251' title='bbox 616 3741 690 3806; x_wconf 83' lang='lat' dir='ltr'><strong>juris</strong></span> <span class='ocrx_word' id='word_1_252' title='bbox 709 3745 778 3793; x_wconf 82' lang='lat' dir='ltr'><strong>iacit</strong></span> <span class='ocrx_word' id='word_1_253' title='bbox 795 3747 825 3794; x_wconf 80' lang='lat' dir='ltr'><strong>ii.</strong></span> <span class='ocrx_word' id='word_1_254' title='bbox 840 3747 1016 3796; x_wconf 80' lang='lat' dir='ltr'><strong>iinatiauonn</strong></span> <span class='ocrx_word' id='word_1_255' title='bbox 1035 3744 1085 3794; x_wconf 85' lang='lat' dir='ltr'><strong>sab</strong></span> <span class='ocrx_word' id='word_1_256' title='bbox 1104 3747 1201 3795; x_wconf 86' lang='lat' dir='ltr'><strong>titulo:</strong></span> <span class='ocrx_word' id='word_1_257' title='bbox 1220 3748 1316 3795; x_wconf 82' lang='lat' dir='ltr'><strong>ilexa-</strong></span> 
     </span>
     <span class='ocr_line' id='line_1_38' title="bbox 312 3813 1316 3876; baseline 0.007 -18"><span class='ocrx_word' id='word_1_258' title='bbox 312 3813 417 3872; x_wconf 88' lang='lat' dir='ltr'><strong>piorum</strong></span> <span class='ocrx_word' id='word_1_259' title='bbox 436 3813 566 3874; x_wconf 77' lang='lat' dir='ltr'><strong>origenis</strong></span> <span class='ocrx_word' id='word_1_260' title='bbox 585 3825 654 3876; x_wconf 83' lang='lat' dir='ltr'><strong>quae</strong></span> <span class='ocrx_word' id='word_1_261' title='bbox 672 3819 821 3874; x_wconf 80' lang='lat' dir='ltr'><strong>supersunt</strong></span> <span class='ocrx_word' id='word_1_262' title='bbox 839 3819 893 3864; x_wconf 84' lang='lat' dir='ltr'><strong>ete.</strong></span> <span class='ocrx_word' id='word_1_263' title='bbox 912 3819 957 3865; x_wconf 82' lang='lat' dir='ltr'><strong>eti·</strong></span> <span class='ocrx_word' id='word_1_264' title='bbox 979 3817 1010 3864; x_wconf 81' lang='lat' dir='ltr'><strong>it.</strong></span> <span class='ocrx_word' id='word_1_265' title='bbox 1029 3815 1205 3864; x_wconf 82' lang='lat' dir='ltr'><strong>montisncon</strong></span> <span class='ocrx_word' id='word_1_266' title='bbox 1227 3817 1316 3865; x_wconf 79' lang='lat' dir='ltr'><strong>Paris.</strong></span> 
     </span>
     <span class='ocr_line' id='line_1_39' title="bbox 318 3879 1317 3935; baseline 0.006 -6"><span class='ocrx_word' id='word_1_267' title='bbox 318 3879 363 3932; x_wconf 82' lang='lat' dir='ltr'><strong>tii</strong></span> <span class='ocrx_word' id='word_1_268' title='bbox 378 3885 396 3930; x_wconf 83' lang='lat' dir='ltr'><strong>t.</strong></span> <span class='ocrx_word' id='word_1_269' title='bbox 422 3884 448 3931; x_wconf 91' lang='lat' dir='ltr'><strong>li</strong></span> <span class='ocrx_word' id='word_1_270' title='bbox 467 3882 544 3931; x_wconf 86' lang='lat' dir='ltr'><strong>voit.</strong></span> <span class='ocrx_word' id='word_1_271' title='bbox 569 3883 618 3930; x_wconf 86' lang='lat' dir='ltr'><strong>ini.</strong></span> <span class='ocrx_word' id='word_1_272' title='bbox 654 3883 760 3932; x_wconf 78' lang='lat' dir='ltr'><strong>Novam</strong></span> <span class='ocrx_word' id='word_1_273' title='bbox 779 3886 928 3935; x_wconf 78' lang='lat' dir='ltr'><strong>editionem</strong></span> <span class='ocrx_word' id='word_1_274' title='bbox 946 3887 1041 3934; x_wconf 73' lang='lat' dir='ltr'><strong>mnam</strong></span> <span class='ocrx_word' id='word_1_275' title='bbox 1059 3883 1141 3935; x_wconf 89' lang='lat' dir='ltr'><strong>titulo</strong></span> <span class='ocrx_word' id='word_1_276' title='bbox 1168 3887 1317 3935; x_wconf 78' lang='lat' dir='ltr'><strong>adornavit</strong></span> 
     </span>
     <span class='ocr_line' id='line_1_40' title="bbox 314 3947 1318 4017; baseline 0.002 -18"><span class='ocrx_word' id='word_1_277' title='bbox 314 3947 346 3998; x_wconf 82' lang='lat' dir='ltr'><strong>G·</strong></span> <span class='ocrx_word' id='word_1_278' title='bbox 365 3952 413 4000; x_wconf 77' lang='lat' dir='ltr'><strong>Fr.</strong></span> <span class='ocrx_word' id='word_1_279' title='bbox 433 3953 534 4002; x_wconf 83' lang='lat' dir='ltr'><strong>iiabrdt</strong></span> <span class='ocrx_word' id='word_1_280' title='bbox 549 3951 662 4011; x_wconf 81' lang='lat' dir='ltr'><strong>Lipsiae</strong></span> <span class='ocrx_word' id='word_1_281' title='bbox 683 3949 759 4004; x_wconf 81' lang='lat'><strong>1769.</strong></span> <span class='ocrx_word' id='word_1_282' title='bbox 780 3953 796 4006; x_wconf 75' lang='lat'>2</span> <span class='ocrx_word' id='word_1_283' title='bbox 815 3953 892 4004; x_wconf 82' lang='lat' dir='ltr'><strong>Vnii.</strong></span> <span class='ocrx_word' id='word_1_284' title='bbox 910 3953 955 4005; x_wconf 78' lang='lat'><strong>80.</strong></span> <span class='ocrx_word' id='word_1_285' title='bbox 981 3955 1022 4003; x_wconf 86' lang='lat' dir='ltr'><strong>De</strong></span> <span class='ocrx_word' id='word_1_286' title='bbox 1040 3949 1121 4015; x_wconf 85' lang='lat' dir='ltr'><strong>injus</strong></span> <span class='ocrx_word' id='word_1_287' title='bbox 1139 3954 1318 4017; x_wconf 68' lang='lat' dir='ltr'><strong>operienti.</strong></span> 
     </span>
     <span class='ocr_line' id='line_1_41' title="bbox 312 4020 1318 4086; baseline 0.008 -20"><span class='ocrx_word' id='word_1_288' title='bbox 312 4020 390 4082; x_wconf 81' lang='lat' dir='ltr'><strong>gine,</strong></span> <span class='ocrx_word' id='word_1_289' title='bbox 408 4021 512 4079; x_wconf 78' lang='lat' dir='ltr'><strong>indole,</strong></span> <span class='ocrx_word' id='word_1_290' title='bbox 530 4021 607 4080; x_wconf 85' lang='lat' dir='ltr'><strong>tatis,</strong></span> <span class='ocrx_word' id='word_1_291' title='bbox 625 4023 747 4073; x_wconf 85' lang='lat' dir='ltr'><strong>utilitate</strong></span> <span class='ocrx_word' id='word_1_292' title='bbox 765 4024 830 4073; x_wconf 82' lang='lat' dir='ltr'><strong>vide</strong></span> <span class='ocrx_word' id='word_1_293' title='bbox 842 4025 1052 4074; x_wconf 67' lang='lat' dir='ltr'><strong>praeliminaria</strong></span> <span class='ocrx_word' id='word_1_294' title='bbox 1070 4028 1182 4086; x_wconf 79' lang='lat' dir='ltr'><strong>utrique</strong></span> <span class='ocrx_word' id='word_1_295' title='bbox 1198 4028 1318 4076; x_wconf 80' lang='lat' dir='ltr'><strong>editioni</strong></span> 
     </span>
    </p>
   </div>
   <div class='ocr_carea' id='block_1_11' title="bbox 312 4089 1317 4223">
    <p class='ocr_par' dir='ltr' id='par_1_11' title="bbox 312 4089 1317 4223">
     <span class='ocr_line' id='line_1_42' title="bbox 312 4089 1317 4166; baseline 0.01 -30"><span class='ocrx_word' id='word_1_296' title='bbox 312 4089 450 4149; x_wconf 78' lang='lat' dir='ltr'><strong>praefixa,</strong></span> <span class='ocrx_word' id='word_1_297' title='bbox 475 4093 505 4141; x_wconf 87' lang='lat' dir='ltr'><strong>in</strong></span> <span class='ocrx_word' id='word_1_298' title='bbox 529 4093 629 4153; x_wconf 82' lang='lat' dir='ltr'><strong>quibus</strong></span> <span class='ocrx_word' id='word_1_299' title='bbox 654 4094 762 4155; x_wconf 80' lang='lat' dir='ltr'><strong>prolixe</strong></span> <span class='ocrx_word' id='word_1_300' title='bbox 786 4098 816 4146; x_wconf 87' lang='lat' dir='ltr'><strong>et</strong></span> <span class='ocrx_word' id='word_1_301' title='bbox 834 4105 966 4159; x_wconf 79' lang='lat' dir='ltr'><strong>perquam</strong></span> <span class='ocrx_word' id='word_1_302' title='bbox 984 4096 1093 4146; x_wconf 87' lang='lat' dir='ltr'><strong>erudite</strong></span> <span class='ocrx_word' id='word_1_303' title='bbox 1111 4097 1147 4144; x_wconf 83' lang='lat' dir='ltr'><strong>rte</strong></span> <span class='ocrx_word' id='word_1_304' title='bbox 1164 4097 1207 4166; x_wconf 74' lang='lat' dir='ltr'><strong>iiis</strong></span> <span class='ocrx_word' id='word_1_305' title='bbox 1226 4099 1317 4146; x_wconf 83' lang='lat' dir='ltr'><strong>omni-</strong></span> 
     </span>
     <span class='ocr_line' id='line_1_43' title="bbox 313 4158 548 4223; baseline 0.009 -16"><span class='ocrx_word' id='word_1_306' title='bbox 313 4158 363 4208; x_wconf 90' lang='lat' dir='ltr'><strong>bus</strong></span> <span class='ocrx_word' id='word_1_307' title='bbox 381 4161 548 4223; x_wconf 86' lang='lat' dir='ltr'><strong>disputatur.</strong></span> 
     </span>
    </p>
   </div>
   <div class='ocr_carea' id='block_1_12' title="bbox 241 4246 1318 4323">
    <p class='ocr_par' dir='ltr' id='par_1_12' title="bbox 241 4246 1318 4323">
     <span class='ocr_line' id='line_1_44' title="bbox 241 4246 1318 4323; baseline 0 -14"><span class='ocrx_word' id='word_1_308' title='bbox 241 4246 299 4315; x_wconf 70' lang='lat' dir='ltr'><strong>*ti</strong></span> <span class='ocrx_word' id='word_1_309' title='bbox 316 4255 358 4309; x_wconf 88' lang='lat' dir='ltr'><strong>cr.</strong></span> <span class='ocrx_word' id='word_1_310' title='bbox 377 4259 408 4308; x_wconf 86' lang='lat' dir='ltr'><strong>s.</strong></span> <span class='ocrx_word' id='word_1_311' title='bbox 426 4259 590 4322; x_wconf 69' lang='lat' dir='ltr'><strong>anesum.</strong></span> <span class='ocrx_word' id='word_1_312' title='bbox 608 4259 732 4313; x_wconf 76' lang='lat' dir='ltr'><strong>amen.</strong></span> <span class='ocrx_word' id='word_1_313' title='bbox 750 4259 886 4310; x_wconf 77' lang='lat' dir='ltr'><strong>inueni.</strong></span> <span class='ocrx_word' id='word_1_314' title='bbox 903 4259 1024 4319; x_wconf 63' lang='lat' dir='ltr'><strong>(rnna</strong></span> <span class='ocrx_word' id='word_1_315' title='bbox 1044 4273 1072 4323; x_wconf 83' lang='lat' dir='ltr'><strong>r·</strong></span> <span class='ocrx_word' id='word_1_316' title='bbox 1089 4261 1131 4317; x_wconf 75' lang='lat' dir='ltr'><strong>t.)</strong></span> <span class='ocrx_word' id='word_1_317' title='bbox 1149 4260 1318 4312; x_wconf 73' lang='lat' dir='ltr'><strong>serronem.</strong></span> 
     </span>
    </p>
   </div>
   <div class='ocr_carea' id='block_1_13' title="bbox 0 0 1478 4662">
    <p class='ocr_par' dir='ltr' id='par_1_13' title="bbox 0 0 1478 4662">
     <span class='ocr_line' id='line_1_45' title="bbox 0 0 1478 4662; baseline 0 0"><span class='ocrx_word' id='word_1_318' title='bbox 0 0 1478 4662; x_wconf 95' lang='lat' dir='ltr'><strong> </strong></span> 
     </span>
    </p>
   </div>
  </div>
 </body>
</html>
