2948 4662
1156 295 1219 360 24⁹

103 477 207 546 sunit
226 482 266 544 ct
285 474 396 542 aalide
417 475 546 562 prebat.
569 517 610 530 -
636 457 756 538 Lata
775 460 824 538 dc
843 465 982 554 anima,
1005 482 1123 545 cantra
1144 477 1222 562 plui.

108 562 272 650 lesaplaus
293 568 331 628 ct
351 560 540 627 haereticus
560 561 717 651 scriptus,
739 564 782 629 da
796 563 927 630 animae
942 568 1060 630 natura
1077 581 1118 628 nc
1135 579 1222 646 qua-

104 648 279 720 litatibus,
308 645 352 712 dc
374 644 467 710 illius
488 646 620 736 origine
640 665 681 713 ac
702 647 745 714 de
766 655 859 716 statu
881 648 1013 713 anianae
1032 653 1109 732 past
1130 665 1220 712 naur-

106 741 174 800 tcm
197 729 331 817 prolixe
359 729 515 808 disserite
551 731 719 797 crrurilms
746 739 857 798 tamen
880 730 934 796 lric
956 730 1039 797 lilacr
1060 749 1125 796 nun
1147 749 1220 794 urn-
1286 773 1293 788 .

105 818 184 883 nina
210 821 325 882 uacat.
347 851 390 868 -
432 812 571 882 uenum
593 820 710 882 canna
731 813 932 894 (lunaticus,
953 816 1008 900 qui
1030 813 1221 897 martyrium

105 915 385 1002 vilipendebant,
412 923 572 982 exaratus
598 926 654 984 eat
683 918 790 984 liber:
838 899 1050 1000 Scorpium
1082 895 1219 1002 (cnop-

110 1028 227 1116 πιᾳκη
250 997 495 1116 ἅντιὸοτος),
524 1017 545 1082 i.
562 1037 592 1085 c.
610 1018 792 1116 antidotum
815 1027 931 1085 contra
952 1034 1116 1086 venenum
1138 1017 1222 1115 luae-

108 1107 307 1180 rctrcurum‚
340 1103 571 1186 scorpionibus
600 1105 776 1181 similium,
812 1105 866 1168 urbi
895 1110 1012 1170 contra
1042 1101 1222 1168 Gnostrcus

106 1185 356 1338 fen-'immuni
378 1187 627 1270 necessitatem,
640 1194 707 1254 tum
729 1187 877 1272 ejusdem
899 1189 1138 1278 praestantiam
1159 1186 1222 1252 dc·

140 1289 162 1338 u
188 1291 200 1336 ι

611 1447 647 1544 s.
669 1465 724 1534 ar.

440 1603 649 1670 conclamatio
682 1605 894 1673 Tertulliani.

184 1771 261 1871 JV.
295 1765 490 1858 Sequuntur
516 1771 614 1872 libri,
649 1771 705 1859 qui
732 1771 775 1839 ad
804 1774 1014 1872 disciplinam
1045 1793 1221 1872 murcsqnc
1290 1861 1294 1868 .

106 1861 282 1941 periment
301 1863 360 1922 ntrt
380 1855 629 1924 exhortatrancs
652 1858 795 1924 morales
816 1867 997 1926 contrncnt.
1046 1859 1164 1945 ltaque
1186 1877 1220 1924 ru

105 1942 211 2016 libro
242 1942 292 2016 dc
323 1941 552 2018 idololatria
582 1977 648 2025 nou
683 1959 779 2026 modo
810 1958 910 2026 idolis
939 1976 1040 2026 sacra
1068 1959 1220 2027 iacienda

104 2043 231 2109 crimen
262 2039 474 2109 idololatriae
502 2043 659 2111 committi
687 2042 916 2122 demonstrat,
950 2043 1013 2110 sed
1044 2053 1081 2112 et
1109 2045 1220 2111 multis

103 2127 183 2194 aliis
207 2127 410 2207 rationibus,
442 2141 526 2214 quas
548 2127 783 2215 persingulas
805 2129 896 2195 vitae
918 2128 1081 2197 humanae
1103 2129 1220 2196 cnudi·

104 2213 220 2278 tiones
241 2217 278 2278 et
298 2231 437 2282 munera
457 2213 533 2280 sive
556 2213 699 2300 publica,
720 2213 797 2282 aive
818 2215 950 2298 privata
968 2221 1127 2284 accurate
1143 2233 1220 2300 pru·

101 2313 262 2402 sequitur
289 2320 325 2383 et
353 2312 474 2382 sedula
500 2314 624 2400 fugere
645 2313 752 2396 jubat.
802 2313 964 2382 Similiter
991 2316 1025 2382 in
1048 2302 1147 2378 libro
1172 2300 1221 2376 dc

101 2424 256 2477 wrm
282 2417 435 2517 alleplute
472 2415 670 2506 prohibitum
706 2433 786 2508 csse
821 2415 1011 2486 Christiana
1047 2417 1221 2516 contendit
1298 2512 1300 2516 Ι

100 2493 1222 2670 ultum?'att‘ttultt*llalltftllllnnll?”fz

101 2686 207 2754 ldenr
230 2685 304 2774 agit
323 2686 356 2752 in
376 2671 475 2747 latro
499 2671 547 2748 dc
571 2669 811 2770 spectaculis,
838 2703 902 2772 qua
923 2685 1146 2771 pulcherrime
1160 2684 1222 2750 de-

102 2769 221 2852 ducit,
247 2771 325 2855 qnid
350 2771 405 2837 uid
433 2771 477 2837 ad
505 2779 643 2859 quatrwr
669 2771 936 2856 spectaculorum
961 2788 1092 2860 genera
1113 2770 1219 2857 perti-

102 2862 207 2952 neat.
241 2854 285 2952 alr
312 2791 501 2953 iffululatria
521 2855 685 2952 originem
706 2875 802 2924 suam
823 2855 969 2933 labere,
1000 2864 1103 2938 atque
1134 2855 1221 2922 adea

101 2939 164 3006 rlla
189 2937 394 3006 Christianus
416 2958 497 3006 esse
519 2941 714 3025 interducta3
745 2941 913 3006 coronidis
933 2939 1006 3008 lucu
1029 2939 1221 3018 osteudens,

103 3041 273 3108 quaenam
295 3024 365 3092 sint
385 3024 578 3109 vuluptates
598 3032 633 3090 et
653 3025 916 3102 oblectamenta,
946 3043 1031 3106 uuae
1053 3023 1221 3108 Christia-

101 3124 413 3194 condeceant-
455 3125 609 3214 Denique
630 3111 726 3188 liber·
751 3111 805 3188 ad
830 3108 1032 3206 Martyres
1059 3122 1152 3215 (ie.
1174 3108 1218 3192 ἐκ

102 3205 273 3274 lrcdiernr
293 3231 357 3276 nsu
379 3211 557 3296 loquendi:
579 3209 621 3277 ad
637 3205 886 3300 Contessorec)
906 3205 950 3296 ⁴³]
973 3210 1061 3277 acria
1081 3217 1136 3276 est
1156 3227 1220 3275 cx-

102 3291 271 3365 lrurtatiu.
296 3312 363 3379 qna
389 3311 450 3361 eur
480 3295 523 3361 ad
545 3314 661 3383 pacem
685 3302 845 3374 mutuam,
875 3292 919 3362 ud
942 3293 1220 3373 constantiarum

102 3373 198 3453 tide,
229 3377 438 3445 alacritatem
460 3380 494 3444 in
516 3379 715 3465 perferendo
743 3377 888 3445 carceris
916 3377 1075 3462 squalore
1104 3383 1138 3444 et
1159 3373 1222 3440 ian*

100 3459 314 3528 uiuentibus
334 3462 507 3549 suppliciis
528 3469 564 3530 ct
584 3463 772 3552 generatim
794 3461 837 3528 ad
860 3461 1052 3548 patientiam
1077 3459 1109 3525 in
1133 3459 1221 3526 tule-

101 3543 229 3610 raudis
248 3547 348 3613 raalis
370 3547 586 3614 venementer
606 3547 749 3636 auimat3
771 3545 851 3611 nihil
873 3545 937 3611 huc
956 3544 1052 3611 brevi
1069 3561 1221 3613 sermuuu

100 3627 343 3700 venementius
364 3638 423 3698 aut
443 3631 617 3702 merendis
638 3632 757 3700 animis
778 3629 889 3716 aptius
912 3629 978 3696 dici
1001 3635 1123 3714 potest.

191 3737 320 3856 Liber·
339 3743 388 3819 dc
408 3743 595 3845 rapulam
610 3737 735 3826 tractat
758 3759 803 3827 de
822 3757 986 3858 ‘baptismi
1015 3756 1220 3858 necessitate

99 3845 138 3907 ct
159 3841 332 3926 efficacia,
351 3841 395 3913 ds
415 3853 626 3914 sacramenta
647 3845 915 3928 confirmationis,
934 3843 1020 3934 quad
1034 3849 1218 3934 antiquitus

153 4173 190 4244 ³)
209 4183 387 4306 2‚¹¹¹⁸‚'‘³¹“
408 4179 577 4254 rairw
600 4188 735 4246 armatu
755 4189 793 4244 aa
815 4188 876 4256 ipro
897 4187 1016 4244 anull.
1042 4189 1076 4240 aa
1095 4185 1217 4243 asnar»
