2886 4660
180 256 247 343 ,rao

185 426 321 492 leniris.
345 425 375 500 a)
434 419 729 506 interpretationes
752 424 859 486 autem
882 417 920 485 8.
942 416 1138 504 Scripturas
1162 419 1298 504 proprio

184 511 270 576 tales
294 509 365 572 usui
390 507 460 570 lere
484 505 629 590 practico
660 504 887 578 destinarunt:
916 502 993 568 binc
1020 521 1132 568 earum
1162 501 1294 568 indoles

183 593 374 680 singularis,
397 607 460 676 utra
482 607 618 654 sensum
641 587 779 674 plerumr
792 606 834 652 ue
856 589 1012 653 moralem
1032 585 1295 672 etallegoricum

185 697 301 744 eruere
324 685 358 742 et
380 672 540 740 exhibere
562 679 734 768 conantur²
777 608 821 736 lit
843 671 992 756 quidem,
1023 672 1078 756 qui
1106 671 1294 768 expositio-

184 783 256 828 nem
279 760 434 826 moralem
456 758 564 823 secuti
585 763 679 831 srrut,
703 755 766 821 ursi
789 757 875 821 torte
896 755 1126 840 singularibus
1147 775 1179 820 ιιι
1209 755 1295 820 locis

184 844 363 932 aliquando
385 861 406 908 a
429 843 570 908 ueritate
591 841 838 916 aberraverint,
869 840 1056 927 generatim
1090 840 1202 926 utique
1235 857 1294 906 ve-

184 950 253 996 ram
269 930 355 993 uiam
368 933 554 1004 tenuerunt,
571 943 749 1008 corumque
760 923 1009 990 lucubrationes
1020 941 1143 989 omnem
1158 921 1295 988 laudem

184 1023 219 1082 et
240 1013 457 1080 attentionem
478 1016 716 1095 promerentur,
737 1008 1002 1094 quandoquidem
1022 1015 1057 1072 et
1072 1007 1212 1094 plurima
1227 1027 1295 1072 mo-

183 1119 254 1164 rum
278 1103 457 1182 praecepta
478 1095 614 1160 disertis
636 1092 750 1158 verbis
771 1095 804 1158 in
826 1091 865 1159 S.
888 1091 1061 1178 Scriptura
1074 1111 1196 1176 reapse
1216 1109 1295 1156 eou-

184 1185 330 1248 tincntur
351 1185 386 1245 et
407 1179 566 1264 dogmata
588 1177 706 1242 ibidem
730 1175 830 1242 obvia
859 1177 934 1261 ipsa
959 1177 1013 1242 sui
1042 1173 1157 1242 indole
1183 1193 1294 1242 mores

185 1268 328 1331 formare
345 1266 466 1347 juvant
488 1272 523 1328 et
544 1261 682 1327 bistoriu
703 1261 747 1326 ad
770 1260 857 1327 idem
879 1261 1049 1348 negotium
1093 1279 1167 1327 uam
1185 1259 1293 1326 maxi·

183 1369 235 1416 me
258 1357 338 1432 apta
360 1347 476 1413 baberi
499 1346 618 1430 debet3
642 1347 788 1424 accedit,
812 1344 898 1432 quod
921 1351 995 1429 ipse
1018 1344 1056 1410 S.
1105 1343 1202 1410 aulus
1216 1343 1294 1408 buic

182 1431 446 1517 interpretationi
469 1431 666 1516 praecipuas
687 1429 844 1515 assignet
866 1436 980 1514 partes
1002 1427 1143 1580 Sudor.
1169 1429 1218 1508 10,
1240 1430 1291 1494 lt.

183 1518 310 1582 ‘clim
334 1517 364 1594 3,
390 1510 560 1604 to-tt.].
581 1550 620 1560 —
665 1514 838 1599 Expositio
861 1521 968 1580 antem
992 1513 1188 1602 allegorica,
1213 1511 1296 1578 mul·

184 1603 228 1667 tis
248 1600 344 1666 bodie
365 1598 679 1685 reprehensionibus
702 1598 861 1676 obnoxia,
884 1598 1007 1683 duplici
1029 1599 1157 1664 ratione
1179 1597 1295 1663 consi-

184 1686 295 1751 derari
320 1683 430 1764 debet,
452 1692 519 1749 tum
542 1701 607 1782 qua
629 1683 856 1766 interpretatio
867 1679 1063 1769 Scripturae
1086 1683 1219 1770 proprie
1240 1687 1295 1746 ta-

183 1769 243 1848 lis,
265 1776 332 1835 tum
355 1785 420 1854 qua
441 1770 606 1854 expositio
629 1774 664 1834 et
685 1767 866 1833 illustratio
887 1773 1065 1832 veritatum
1093 1765 1170 1834 fidei
1202 1764 1294 1832 cltri-

183 1855 324 1920 stianae.
369 1852 475 1918 Priori
502 1853 564 1918 snb
589 1861 746 1939 respectu
774 1851 939 1936 expositio
965 1851 1151 1940 allegorica
1182 1850 1294 1936 utique

7 1961 8 1968 ¹
75 1984 86 2003 .
184 1938 391 2023 potissimum
414 1939 519 2004 lorum
544 1935 645 2004 babet
668 1938 701 2000 in
722 1954 826 2001 sensu
848 1934 982 2002 Veteris
1002 1935 1208 2002 Testamenti
1230 1953 1294 2001 ex·

207 2021 367 2098 lanundo,
400 2024 494 2104 cujus
528 2021 620 2092 linis,
652 2020 695 2086 ad
726 2039 822 2105 quem
848 2020 958 2086 omnia
989 2019 1187 2100 tendebant,
1218 2023 1295 2104 erat

183 2043 338 2172 lbristus
361 2103 480 2252 lm
503 2106 552 2184 10,
574 2101 652 2189 4.),
675 2111 710 2170 ct
732 2108 765 2171 in
788 2123 852 2189 quo
874 2105 998 2170 multae
1019 2104 1182 2170 veritates
1204 2101 1294 2168 cbri-

183 2189 315 2255 stianac
339 2206 360 2253 a
385 2189 555 2254 umbratae
576 2195 611 2254 at
636 2209 676 2256 ue
699 2189 948 2276 praefiguratae
969 2194 1047 2254 sunt
1063 2189 1137 2273 ipso
1153 2185 1191 2254 S.
1209 2188 1295 2254 Pau·

183 2273 216 2338 lo
240 2272 401 2358 Apustclo
423 2278 512 2338 teste
535 2267 590 2362 [1.
605 2208 681 2339 llos
708 2278 754 2340 10.
777 2275 848 2342 init
871 2273 1067 2360 praesertim
1089 2293 1122 2339 v.
1151 2275 1183 2338 d.
1216 2269 1294 2340 Gal.

183 2364 216 2434 a,
237 2357 374 2422 ‘tt-31.
397 2355 500 2421 Hebr.
523 2377 552 2422 c.
576 2361 605 2422 9.
629 2364 663 2424 ct
685 2354 841 2510 ⁸¹2³..)
859 2357 944 2442 justi
965 2365 1075 2424 tamen
1090 2364 1126 2424 et
1142 2355 1292 2443 bicpos-

183 2448 261 2508 sunt
283 2441 404 2507 limites
426 2440 554 2508 excedi.
599 2441 721 2509 blonen
748 2464 801 2510 um
823 2449 944 2519 autem,
966 2439 1035 2508 88.
1054 2441 1187 2520 Patres,
1209 2459 1293 2538 quo-

183 2545 254 2591 rum
292 2525 394 2593 corda
429 2523 562 2592 Christo
591 2527 691 2611 plena
726 2536 837 2605 erant,
867 2525 1036 2593 Christum
1067 2525 1140 2594 lere
1171 2527 1294 2610 ubique

184 2611 283 2676 etiam
306 2610 338 2674 in
361 2609 438 2675 Vet.
459 2611 555 2677 'l'est
578 2613 815 2698 conspexisse3
838 2613 973 2696 insuper
1001 2611 1031 2676 si
1060 2607 1128 2676 SS.
1157 2609 1294 2676 Petrum

183 2694 333 2760 nonnulli
366 2694 484 2758 sensui
516 2696 700 2782 allegorico
739 2696 901 2762 sectando
937 2695 1033 2761 nimis
1067 2694 1154 2759 forte
1186 2692 1295 2760 dediti

184 2785 299 2872 erant,
320 2774 480 2842 hodierna
496 2780 638 2844 scientia
659 2781 855 2868 exegetica,
872 2780 988 2863 Jejuna
1009 2797 1112 2865 saepe
1133 2783 1168 2844 et
1187 2777 1292 2844 steri-

183 2861 242 2932 lis,
264 2877 339 2924 eum
361 2865 453 2925 eerte
470 2861 565 2942 justo
588 2865 662 2947 plus
684 2865 812 2951 spernit
832 2871 867 2932 et
888 2863 1042 2949 despicit,
1062 2861 1148 2928 adeo
1172 2880 1213 2928 ue
1234 2861 1292 2927 ubi

184 2939 225 3036 ad
248 2941 383 3007 saniora
404 2945 543 3041 consiliu
567 2947 720 3028 redierit,
742 2949 881 3036 aequius
903 2949 1032 3016 demam
1055 2946 1098 3013 de
1125 2945 1154 3013 S
1186 2991 1196 3010 .
1228 2945 1295 3012 Pa-

183 3025 289 3120 tribus
310 3026 398 3122 leret
413 3026 590 3109 jndrcrumt
612 3053 734 3098 sensus
756 3036 845 3100 enim
866 3031 1009 3100 literalis
1037 3033 1135 3099 etiam
1162 3029 1294 3116 allego·

184 3128 284 3176 ncurn
308 3130 339 3175 ιιι
361 3129 401 3177 se
423 3112 586 3192 eontinet,
610 3123 645 3182 et
665 3117 769 3184 rerba
792 3115 832 3182 l).
857 3118 953 3184 Pauli
974 3118 1059 3184 bene
1080 3115 1127 3181 nti
1152 3133 1194 3182 ne
1228 3133 1293 3182 ex·

183 3192 284 3274 pendi
308 3200 482 3293 merentur.
505 3237 547 3250 -
573 3197 697 3266 Verum
719 3202 819 3268 etiam
840 3203 897 3268 ubi
918 3199 1083 3289 expositio
1105 3134 1294 3288 allegorica

184 3289 349 3363 tamquam
373 3283 601 3366 interpretatio
633 3287 765 3370 proprie
794 3285 872 3352 talis
902 3285 1029 3352 admitti
1062 3283 1204 3369 amplius
1225 3299 1292 3348 non

184 3369 305 3447 potest,
328 3382 533 3450 nequaquam
557 3372 665 3434 tumen
688 3388 748 3435 ceu
770 3369 870 3456 plane
884 3365 1293 3452 inutiliseritrejicienda3

182 3446 247 3512 duc
269 3449 391 3534 quippe
412 3450 445 3515 in
467 3450 676 3535 expositione
699 3454 884 3544 allegorica
905 3453 1023 3521 sedulo
1051 3449 1294 3540 distinguenda

180 3538 278 3612 eunt,
299 3535 439 3616 rr'gururr‚
462 3539 497 3600 et
517 3555 586 3612 rer,
609 3559 690 3620 quae
710 3539 937 3625 rigrrificutur;
970 3535 1203 3625 significantur
1230 3553 1294 3602 att·

181 3727 391 3745 u—-r—-n

235 3829 261 3894 *l
281 3836 370 3902 liujus
388 3845 429 3893 ret
450 3845 618 3898 luculentu-
636 3851 715 3900 extat
733 3849 887 3911 exempturo
906 3854 935 3901 tn
953 3853 982 3900 8.
996 3849 1105 3914 cyrtllc
1119 3847 1293 3900 Alexandri·

288 3921 337 3968 no,
364 3915 412 3973 qut
436 3917 464 3964 tn
489 3920 549 3964 suls
566 3917 779 3969 Commentmts
796 3923 941 3973 mutinum
958 3925 1047 3972 necttt
1063 3921 1233 3984 mtegram,
1260 3919 1293 3968 tn

288 3979 426 4040 operibus
444 3995 513 4033 vero
532 3987 696 4050 dogmattcts
714 3992 744 4038 et
766 3990 910 4052 potemtcts
932 3997 1028 4042 contra
1044 3991 1205 4042 Nestortrun
1222 3999 1293 4038 serr-

286 4053 330 4098 sut
348 4051 456 4102 literati
473 4056 650 4107 strtcttsstme
668 4059 797 4110 tubaeret
813 4063 978 4125 ttterarnque
996 4063 1154 4112 dtvtnarum
1172 4061 1294 4124 patin·-

285 4131 345 4170 rum
362 4132 467 4184 presso,
486 4127 516 4174 ut
534 4127 575 4176 tta
593 4129 692 4191 dicam,
711 4132 832 4195 resttgto
850 4132 1015 4195 insequttur.

215 4209 261 4276 *tt
278 4217 322 4270 cr.
341 4221 370 4273 s.
390 4223 538 4288 aunum.
557 4227 592 4277 ιο
610 4224 695 4280 cruri.
715 4227 766 4281 nu
785 4229 836 4282 ur.
856 4227 901 4280 ro.
919 4240 946 4278 ο,
963 4227 1008 4280 uo.
