2866 4652
141 287 236 366 Vlll

102 562 108 573 ¹
138 499 268 577 ugrum
287 466 491 580 diligenter
514 473 696 556 excolere
712 495 758 554 ao
776 481 930 556 strenae
943 476 1117 579 proeliari
1139 501 1251 581 proe-

140 601 193 680 llr
217 605 409 684 Domini.“
467 603 554 682 Noc
587 601 700 680 multo
726 609 811 704 post
836 602 966 680 turbae
991 603 1167 705 politicae
1192 606 1252 684 iu·

139 735 398 824 torreueruut,
429 751 525 830 quac
550 727 749 826 aliquoties
774 751 798 806 e
823 729 1087 830 prosecutione
1112 725 1251 831 tlperis

138 876 202 934 me
231 853 492 932 circuere·
523 853 626 932 Pace
657 852 802 930 demum
836 855 1009 932 restituta
1038 852 1251 957 Episcopo·

90 968 96 978 ’
138 1003 219 1058 rum
249 979 422 1058 Viennae
458 1001 555 1056 auno
586 977 692 1054 lete
724 987 1034 1078 congregatorum
1067 981 1249 1058 unanimis

139 1104 214 1184 fult
237 1106 445 1198 seuterrtla,
481 1112 521 1180 nt
545 1101 706 1181 studiuur
732 1101 808 1181 88.
835 1103 984 1182 Petrum
1010 1128 1250 1207 promouere-

139 1237 219 1324 tur,
253 1252 409 1328 eumque
441 1231 478 1306 in
511 1227 619 1304 duom
653 1227 872 1329 Patrologie
904 1231 1002 1306 inter
1031 1226 1251 1332 disciplinas

140 1351 379 1454 theologicas
405 1349 553 1456 publice
577 1351 771 1432 docendas
797 1354 1013 1433 referretur.
1065 1353 1161 1432 lude
1180 1380 1251 1432 oo·

140 1503 213 1558 res
239 1478 327 1557 nrilri
352 1479 515 1572 mrimus,
553 1502 651 1556 nova
677 1501 785 1574 cura,
821 1487 861 1556 nt
892 1491 1124 1583 quantocyus
1148 1483 1251 1584 (lpus

139 1612 312 1707 coeptum
337 1603 387 1682 ad
412 1611 570 1707 optatum
597 1602 839 1706 perducerem
865 1605 984 1684 linem
1019 1605 1089 1686 Sic
1114 1608 1250 1685 multoe

137 1737 225 1833 poet
250 1753 368 1808 amoos
394 1739 537 1832 portum
561 1730 698 1806 iuraui.
758 1730 906 1808 Utinam
932 1733 1147 1810 sublimitati
1173 1733 1249 1812 88.

137 1853 289 1932 Petrum
324 1877 559 1955 summaeque
592 1855 741 1932 utilitati
767 1835 817 1931 e'x
843 1879 969 1934 eorum
996 1857 1159 1935 lectione
1184 1885 1249 1936 as-

139 1977 356 2080 sequendae
393 1979 514 2078 aliqua
557 1979 690 2062 saltem
725 1981 870 2060 ratione
909 1980 1115 2060 lucubratio
1153 1982 1249 2062 laec

140 2101 411 2205 responderet!

244 2227 354 2306 llum
378 2237 500 2306 autem
526 2229 766 2330 praecipuus,
805 2239 910 2326 quem
948 2229 984 2302 in
1021 2231 1093 2308 isto
1120 2231 1248 2312 lrlrcre

139 2349 230 2430 milri
255 2373 536 2457 proposueram,
571 2353 606 2430 is
633 2352 718 2428 luit:
747 2361 787 2431 nt
811 2352 1041 2455 Theologls,
1066 2355 1249 2436 sacerdo·
1350 2362 1351 2365 ‘

141 2475 253 2575 tibus,
269 2488 320 2556 et
345 2480 537 2582 quibusvis
563 2477 638 2558 88.
663 2481 814 2559 Petrum
840 2479 1022 2560 studiosis
1048 2484 1145 2562 riano
1171 2484 1249 2585 pla-

68 2635 71 2642 ·
137 2627 222 2682 nam
247 2613 287 2684 et
314 2607 463 2684 taurian
496 2604 544 2682 ad
571 2603 649 2682 88.
676 2607 826 2682 Patruur
861 2606 1061 2682 lectionem
1099 2622 1250 2684 sterne-

138 2749 218 2804 rem
244 2749 385 2828 cosque
420 2731 455 2802 iu
481 2731 556 2804 isto
582 2730 737 2825 negotiu
762 2727 856 2802 satis
881 2727 1125 2826 sudaequesi
1144 2756 1250 2810 mnu

140 2850 328 2930 ducerem.
389 2852 502 2930 Plura
535 2853 570 2926 iu
607 2850 705 2928 lruuc
738 2851 854 2930 tinem.
881 2862 988 2930 eraut
1022 2861 1249 2936 necessaria.

138 2977 256 3056 Notio
282 2977 444 3078 primum,
470 2978 553 3075 quis
572 2975 613 3054 S.
634 2977 757 3054 Patris
785 2980 931 3056 rronulne
958 2982 1092 3078 veniat,
1120 2981 1250 3062 deter·
1304 3016 1319 3041 ν

139 3100 329 3198 minanda,
365 3106 497 3206 quippe
524 3125 605 3180 cum
632 3102 805 3182 conlusio
830 3102 929 3182 haud
956 3108 1101 3184 minima
1127 3133 1174 3186 ea
1200 3107 1250 3187 de

142 3249 187 3304 re
212 3227 310 3330 opud
335 3231 463 3306 rarius
487 3238 660 3308 rumores
686 3228 860 3306 obtineat.
911 3229 1114 3310 Ecclesiae
1141 3257 1250 3336 porro

139 3351 361 3434 Catholicae
385 3357 553 3455 vestigia
578 3363 731 3432 secutus
756 3363 797 3432 et
815 3352 985 3434 Concilio
1011 3363 1250 3438 oecumenica

140 3476 444 3581 summorumque
476 3480 695 3558 Pontificum
729 3479 885 3558 decreta
918 3479 1128 3580 dogmatica
1162 3509 1249 3587 per-
1407 3491 1414 3501 '

138 3613 345 3696 scrutalus,
377 3603 551 3705 quidquid
577 3609 614 3682 iu
640 3607 699 3684 eis
726 3608 864 3708 reperi,
901 3608 938 3684 iu
971 3607 1128 3688 medium
1162 3635 1249 3712 pro·

138 3727 219 3824 lull,
247 3733 377 3830 sicque
403 3733 517 3808 totius
544 3730 682 3835 Operis
706 3729 943 3808 fundamenta
966 3737 1085 3835 posui.
1139 3735 1246 3826 Quae

137 3853 320 3958 deinceps
345 3856 395 3934 de
421 3866 500 3934 arte
528 3859 669 3950 critica,
696 3855 746 3934 de
771 3856 968 3952 subsidiis,
1002 3857 1051 3938 de
1070 3885 1140 3938 usu
1167 3859 1245 3938 88.

135 3980 285 4060 Petrum
310 3981 446 4084 adjeci,
474 3983 583 4060 unice
608 3981 657 4060 ad
683 3981 791 4060 hom
813 3983 921 4063 istum
939 3986 1140 4085 practicam
1156 3994 1245 4064 terr·-

135 4103 236 4186 dunt.
301 4122 308 4138 '
