2946 4654
1201 321 1265 390 333

155 487 258 558 Deam
282 488 410 554 l'otrera
431 487 625 571 ingomirem,
658 483 781 593 It'r'lr'npt
806 503 885 554 vero
906 489 1049 572 genitum
1071 493 1265 557 constanter

153 575 278 644 asserit
310 570 488 639 discrimen
510 591 722 653 precariarum
753 589 795 638 ea
827 571 956 638 rationo
984 571 1157 648 indicano.
1188 574 1264 641 istis

155 660 295 725 vocibus
324 665 465 718 rmtraerae
494 673 556 720 seu
583 655 782 718 madetuatioe
801 653 913 722 Patris
942 663 977 722 et
998 655 1075 722 Filii
1103 657 1264 726 diceren-

153 745 233 810 tiam
254 739 430 826 designari
452 755 625 824 perperam
647 738 838 823 coutendit3
866 747 900 804 et
928 743 1181 826 generationem
1209 741 1264 808 di·

153 828 265 893 vinnm
298 823 525 890 necessariam
557 821 601 888 ad
630 821 740 887 instar
767 820 932 888 humanae
965 824 1122 892 fortuitae
1155 825 1263 894 animo

155 909 347 995 concipiens
367 904 446 972 iude
468 923 555 972 nova
588 923 652 970 soa
684 904 854 973 haeretica
888 907 1064 994 dogmata,
1098 917 1263 996 tamqnam

156 993 375 1070 consectaria,
398 990 547 1056 deduxit.
590 987 650 1056 Sic
670 997 780 1056 antem
803 990 1018 1058 ratiocinatus
1039 1000 1109 1060 est:
1132 993 1172 1061 Si
1194 993 1263 1060 Pa-

155 1087 208 1144 ter
230 1096 311 1144 vere
341 1082 396 1142 est
423 1074 612 1161 ingeniine,
637 1072 745 1140 Filius
773 1084 882 1140 autem
914 1077 1066 1159 genitus,
1096 1077 1196 1144 Pater
1226 1083 1263 1144 et

155 1162 260 1228 Filius
281 1161 329 1226 ita
349 1160 435 1226 inter
455 1177 495 1224 se
518 1157 690 1237 dicerunt,
721 1157 836 1225 atille
859 1159 1018 1244 principio
1048 1170 1179 1238 careat,
1207 1159 1263 1230 tte

155 1245 348 1333 principium
371 1241 533 1329 quoddam
557 1241 698 1330 habeat3
731 1241 785 1326 qni
807 1249 916 1308 autem
939 1244 1098 1330 principio
1130 1246 1263 1333 indiget

155 1347 220 1395 non
242 1335 296 1397 est
317 1329 389 1393 Eos
410 1325 607 1407 absolutum,
630 1343 739 1411 nequae
760 1325 930 1404 inlinitum,
952 1327 1104 1414 adeoque
1126 1334 1263 1395 nonest

155 1433 237 1480 vere
259 1421 294 1481 ot
316 1411 447 1496 proprie
469 1409 563 1476 Deus
618 1410 735 1495 ltaque
758 1427 842 1474 unus
863 1411 957 1476 solus
979 1418 1034 1478 est
1053 1431 1155 1479 verus
1167 1411 1262 1480 Deos

154 1498 276 1578 Patere
298 1498 402 1562 Filios
423 1514 484 1562 seu
507 1494 655 1561 Verbum
676 1488 806 1574 (λόγος)
828 1514 892 1560 nou
914 1502 968 1562 est
999 1495 1065 1563 uisi
1097 1503 1262 1576 ereatura,

154 1583 295 1650 omnium
317 1589 424 1646 tamen
445 1579 550 1664 prima
568 1585 603 1644 et
624 1595 798 1661 suprema,
830 1597 927 1664 quam
957 1579 1059 1646 Pater
1088 1583 1262 1648 voluntate

153 1685 235 1745 sua,
255 1664 350 1734 sicuti
371 1662 518 1746 reliquas
536 1680 653 1729 omnes
674 1680 731 1728 res
752 1669 900 1741 creatas,
922 1683 965 1728 ex
988 1663 1090 1730 nihilo
1113 1661 1175 1760 (ἐξ
1202 1655 1263 1730 oda

151 1743 277 1830 ὄντων)
324 1747 465 1824 roduxit,
487 1747 533 1812 ita
555 1752 677 1824 mmeo,
698 1752 735 1813 at
755 1745 841 1811 Filio
856 1754 1021 1832 tamquam
1039 1766 1168 1836 organo
1185 1757 1262 1818 ute·

153 1846 245 1902 retur
276 1771 322 1899 as
349 1831 524 1897 creandam
556 1849 666 1898 rerum
708 1832 846 1896 omnium
880 1830 1147 1911 universitatem,
1183 1835 1262 1919 qnia

153 1917 295 1986 mundos
318 1915 460 1980 visibilis
480 1913 702 1981 immediatam
721 1913 786 1979 llei
808 1913 969 1981 actionem
992 1916 1081 1982 terre
1102 1935 1165 1983 non
1204 1937 1263 1986 os-

153 2012 207 2072 set
228 2004 275 2080 ⁸²).
318 1999 425 2066 Filius
451 1999 514 2066 [lei
542 2018 604 2065 seo
625 1997 772 2063 Verbum
806 1999 909 2081 patris
941 1998 1044 2086 igitur
1070 2009 1163 2068 recte
1181 1936 1261 2070 gri·

153 2085 344 2174 mogenituo
366 2091 540 2150 creaturae
563 2088 713 2157 vocatur,
736 2101 810 2148 cum
832 2084 877 2148 sit
899 2081 971 2168 ipse
998 2092 1154 2152 creatura
1180 2086 1262 2152 reli·

152 2193 237 2322 guas
259 2187 374 2238 omnes
396 2185 452 2233 res
474 2175 608 2233 creatos
630 2165 828 2254 longissime
860 2185 1035 2250 superans.
1079 2167 1119 2236 si
1148 2178 1261 2238 autern

181 2258 259 2322 ilius
288 2261 342 2320 est
370 2259 542 2325 creatura,
572 2251 711 2316 alterius
740 2269 800 2317 sou
830 2251 990 2318 diversae
1025 2271 1046 2316 a
1075 2253 1176 2320 Patre
1207 2262 1265 2321 est

153 2339 375 2414 substantiae,
395 2344 431 2403 et
451 2354 559 2422 neque
583 2336 714 2400 Patrem
739 2334 887 2419 perfecte
907 2335 1036 2413 videre,
1063 2355 1172 2416 neone
1192 2338 1262 2404 Pa-

153 2436 237 2490 trem
260 2427 316 2488 aut
337 2428 444 2487 semet
471 2421 581 2506 ipsum
609 2419 781 2486 intellectu
817 2419 948 2501 penitus
979 2420 1260 2505 comprehendere

153 2507 248 2574 valet
267 2507 338 2588 “lg
361 2522 457 2590 porro
478 2505 560 2572 illud
582 2504 681 2570 ctiam
705 2522 777 2568 conr
812 2503 912 2568 rebus
938 2504 1062 2570 creatis
1089 2523 1261 2572 commune

153 2591 273 2666 habet,
303 2595 339 2654 ut
360 2607 401 2654 ex
424 2594 542 2654 natnra
563 2606 627 2655 sua
648 2585 813 2653 mutabilis
834 2587 896 2665 sit,
917 2586 1069 2674 adeoque
1102 2589 1260 2656 voluntas

154 2676 228 2760 ejus
257 2670 395 2738 mmcd
424 2672 560 2752 lanum,
589 2691 686 2758 quam
716 2669 760 2736 ad
788 2671 907 2738 malum
940 2670 1102 2739 inclinare
1131 2675 1259 2757 potuis-

153 2769 208 2827 set
228 2759 310 2834 Μ).
354 2755 447 2822 Deus
472 2774 569 2832 vero,
596 2777 668 2824 cum
690 2755 857 2839 praevidit
878 2755 968 2821 illum
990 2757 1075 2822 bono
1097 2763 1132 2822 et
1153 2756 1259 2824 houe-

153 2851 205 2910 sto
229 2846 421 2908 constanter
451 2841 672 2908 adhaesuram
701 2857 799 2918 esse,
832 2858 905 2907 eum
934 2839 981 2904 ito
1010 2839 1189 2918 exaltavit,
1223 2851 1260 2910 ut

153 2927 302 2994 omnibus
323 2924 466 2991 Entibns
488 2925 612 2992 creatis
634 2923 762 2990 ratione
818 2923 974 2998 caeditis,
1008 2925 1084 2991 sive
1112 2927 1259 3015 angelis,

152 3011 227 3078 sive
247 3008 444 3088 hominibus,
465 3010 637 3095 plurimum
659 2943 887 3084 antecurrens,
909 3016 943 3074 et
964 3008 1069 3076 Filius
1091 3010 1171 3087 Dei,
1194 3011 1258 3077 imo

152 3096 253 3162 etiam
269 3094 372 3170 Deus,
395 3111 460 3158 non
483 3101 593 3159 tamen
615 3111 696 3160 vero
717 3098 753 3157 et
774 3094 904 3176 proprio
926 3111 1049 3168 sensu,
1065 3094 1259 3179 appellare·

151 3187 216 3244 tur.
240 3216 282 3230 -
324 3175 453 3256 Quodsi
482 3175 612 3242 demum
636 3176 740 3242 Filius
773 3176 916 3241 uPutre
950 3177 1087 3262 genitus
1115 3184 1168 3242 est
1195 3195 1258 3244 seu

153 3261 285 3337 factus,
316 3266 351 3325 et
373 3260 507 3344 genitor
528 3279 659 3344 semper
680 3259 796 3326 existit
817 3269 895 3325 autc
917 3279 1009 3338 eum,
1042 3260 1098 3345 qui
1121 3259 1258 3346 genitus

152 3352 228 3429 est3
250 3362 334 3433 ergo
355 3343 450 3410 Deus
472 3342 649 3432 aliqnando
671 3362 736 3411 uon
758 3352 832 3408 erat
853 3345 973 3422 Pater,
1009 3350 1044 3407 et
1064 3343 1169 3408 Filius
1191 3362 1257 3409 non

151 3435 209 3496 eet
230 3447 311 3496 vere
333 3433 507 3508 aeternus,
537 3427 615 3494 licet
641 3435 717 3496 ante
741 3426 887 3511 reliquas
909 3445 1024 3492 omnes
1045 3445 1102 3492 res
1123 3433 1257 3494 creatas

204 3720 234 3786 *l
253 3728 338 3776 Arius
355 3737 399 3788 ap.
418 3729 448 3776 S.
466 3729 598 3780 Attianos.
618 3729 696 3780 orat.
716 3729 752 3778 11.
772 3731 870 3780 contra
890 3731 1007 3778 Arianos
1026 3742 1054 3778 n.
1074 3723 1118 3778 ot.
1138 3727 1215 3780 (irat.
1231 3730 1255 3778 1.

256 3807 286 3844 n.
305 3797 332 3848 5.
353 3817 384 3831 -
421 3796 480 3860 Quo
497 3803 587 3850 autem
607 3811 691 3850 seusu
711 3800 927 3850 illuminemur
946 3799 1128 3850 ancellinum
1153 3792 1182 3852 ἐξ
1205 3793 1256 3847 οὐκ

255 3859 354 3922 ὄντων,
379 3868 503 3930 intelligi
524 3869 646 3918 voluerit
670 3871 771 3930 Artas,
789 3871 849 3930 ipse
875 3871 999 3920 declarat
1024 3873 1052 3918 to
1077 3869 1194 3930 epistola
1222 3872 1256 3920 ad

257 3933 357 3984 liascb.
377 3937 518 3988 lttcomod.
538 3941 608 3999 apud
627 3939 792 3989 'theodorem
813 3939 918 3989 litetur.
938 3940 1047 3989 llocles.
1065 3939 1116 3989 111).
1137 3941 1159 3990 1.
1184 3952 1209 3989 ο.
1229 3938 1255 3988 5.

187 4019 231 4090 ”l
249 4032 334 4082 artus
351 4034 411 4094 ipso
430 4035 633 4088 ronnarrasua
649 4036 1031 4097 recommemorent.
1051 4043 1143 4088 contra
1154 4037 1253 4086 Arrun.

254 4113 285 4150 n·
303 4097 330 4153 6.
354 4101 398 4154 Gt.
416 4103 584 4168 Philostorg.
603 4107 676 4156 llist.
694 4107 803 4158 Ecclos.
822 4108 873 4156 111).
893 4107 920 4156 2.
940 4119 968 4156 ο.
987 4105 1014 4158 3.

166 4193 237 4256 ***)
254 4201 284 4255 Β.
303 4200 435 4250 neruum.
455 4200 532 4252 orat.
552 4205 572 4256 1.
591 4204 688 4254 contra
706 4205 804 4256 Arlan.
824 4217 854 4254 n.
872 4203 917 4254 35.

968 4293 1045 4358 22*
