2866 4652
1217 321 1292 400 vn
1412 299 1413 370 ³

180 504 373 605 proposito
425 501 669 579 munificentia
711 495 949 604 Imperatoris
1000 504 1191 606 praemio,
1244 505 1291 584 ad
1413 598 1414 635 Ν

182 627 369 730 ejusmodi
403 638 571 704 conatum
618 627 692 706 SS.
727 630 873 704 Petrum
916 640 1162 707 veneratores
1200 625 1292 710 evoss
1413 645 1414 710 i

180 763 310 830 cesset
337 759 399 847 (ιι.
429 753 568 846 1842).
621 752 715 828 Τιιιιι
743 777 834 830 vero
856 758 990 853 jussos
1016 781 1040 830 a
1056 754 1290 834 'Celsissimo

181 902 228 956 cc
254 877 586 954 Reverendissimo
613 878 803 979 Episcopo
834 889 873 956 et
899 883 1071 982 Principe
1098 882 1291 958 Bernardo

183 1003 343 1093 Gelono,
379 1006 439 1103 qni
471 1011 509 1079 ct
540 1007 624 1104 ipsc
650 1007 801 1103 scriptis
837 1005 959 1080 moltis
986 1014 1096 1103 atque
1121 1007 1291 1108 praecla-

181 1132 237 1204 ris
272 1133 309 1204 in
343 1129 463 1208 lncem
498 1127 612 1204 editis
648 1127 790 1204 clodum
822 1129 1047 1230 reipublicae
1089 1131 1290 1238 littefariae

180 1277 254 1332 cen
292 1254 494 1332 Ecclesiae
538 1253 755 1332 Catholicae
801 1259 1045 1330 ornamentum
1090 1266 1200 1333 notus
1243 1256 1292 1332 ad

180 1380 283 1456 lrnnc
318 1405 435 1480 usqne
470 1381 568 1456 diem
604 1404 694 1456 snos
733 1379 781 1454 ad
815 1377 948 1455 similia
981 1379 1104 1458 studia
1136 1374 1291 1458 incitare

181 1529 257 1582 non
293 1505 450 1601 desinit,
487 1505 573 1582 hnic
600 1505 716 1582 labori
744 1526 801 1580 me
826 1507 985 1582 accinxi.
1049 1507 1196 1598 Quanto
1223 1533 1290 1583 an-

181 1642 256 1708 tem
291 1631 440 1731 longius
475 1633 511 1706 in
549 1631 671 1707 stadio
706 1633 780 1706 isto
816 1634 1002 1732 processi,
1038 1641 1137 1706 tanto
1172 1636 1319 1731 magis³

186 1755 321 1857 Operis
346 1757 590 1832 difficultates
620 1755 954 1858 persentiscebarn,
990 1767 1029 1832 et
1060 1783 1184 1859 parum
1218 1782 1290 1832 non

183 1883 303 1959 semel
336 1882 473 1973 abluit,
509 1885 593 1982 quin
626 1907 649 1954 a
684 1891 819 1980 coepto
856 1881 1089 1956 desisterem.
1152 1883 1293 1957 Haesi-

183 2009 277 2083 tanti
317 2010 472 2084 cnimnnr
516 2006 659 2084 addidit
697 2005 871 2108 Epistola
912 2003 1130 2106 Encyclico¹
1164 2003 1207 2082 S.
1247 2007 1290 2081 P.

182 2133 242 2209 l'ii
276 2133 364 2225 IX„
402 2157 507 2232 qoem
541 2132 666 2207 divina
698 2129 940 2206 Providentia
970 2155 1066 2206 antro
1102 2130 1218 2208 1846.
1252 2135 1290 2206 in

181 2257 361 2336 cathedra
399 2257 443 2337 S.
482 2259 586 2334 Petri
628 2255 847 2348 collocarit,
892 2255 978 2332 data
1019 2259 1122 2334 initio
1167 2261 1289 2333 statim

180 2384 425 2461 Pontificatns
462 2381 549 2470 (die
582 2383 618 2460 9.
645 2383 871 2461 Novembris
897 2383 1047 2474 teto)
1080 2383 1127 2457 ad
1161 2406 1290 2458 omncs

183 2513 301 2585 totins
344 2509 443 2586 orbis
483 2509 716 2612 Episcopos‚
763 2508 894 2606 quibos
938 2504 1080 2583 Christi
1120 2507 1290 2581 Vicorins

23 2646 26 2655 '
183 2632 391 2710 mondavit:
425 2635 554 2727 „Nihil
579 2633 686 2709 vobis
713 2637 906 2732 antiquins,
935 2630 1025 2705 nilril
1053 2633 1176 2731 potins
1202 2653 1290 2705 csse

182 2759 316 2854 debet,
343 2785 445 2860 qnam
473 2762 570 2836 omni
597 2783 726 2858 opera,
759 2761 932 2851 solertia,
960 2754 1140 2832 industria
1166 2754 1290 2833 Cleri-

182 2911 308 2963 cnrnm
342 2885 547 2963 Seminaria
583 2908 633 2961 cx
666 2885 964 2961 Tridentinorom
998 2883 1147 2958 Patrono
1181 2905 1291 2983 prae·

117 3038 126 3057 ·
182 3015 324 3112 scripto
363 3013 577 3102 instituere,
616 3063 626 3084 .
662 3066 672 3085 .
706 3067 752 3085 ..
794 3033 839 3086 ac
878 3010 1125 3084 intentissimo
1168 3008 1290 3084 stnrlio

183 3264 312 3337 timore
330 3263 475 3342 Domini
503 3271 540 3338 ct
567 3261 828 3338 ecclesiastica
855 3258 1050 3360 disciplina
1074 3271 1206 3337 sancto
1231 3285 1287 3338 rc·

183 3385 392 3486 ligioscqnc
420 3386 637 3476 educentur,
665 3397 704 3460 et
731 3387 850 3462 sacris
876 3385 1102 3485 potissimum
1123 3389 1294 3463 scientiis

179 3517 288 3618 juxta
315 3511 533 3589 catholicam
560 3511 764 3588 doctrinam
791 3511 838 3586 ab
862 3512 958 3586 omni
986 3533 1138 3611 prorsus
1166 3518 1294 3613 cnjus-

181 3661 253 3738 qne
280 3641 419 3714 erroris
446 3638 612 3740 periculo
642 3637 793 3724 alienis,
828 3637 867 3713 e't
893 3637 1094 3713 Ecclesiae
1122 3637 1292 3714 traditio-

181 3763 290 3838 nibus
333 3772 372 3839 ct
407 3759 643 3839 Sanctomm
679 3761 847 3836 Petrum
882 3769 1058 3862 scriptis,
1101 3757 1292 3864 sacrisque

181 3889 428 3963 coeremoniis
460 3898 500 3965 ct
532 3888 661 3964 ritibus
695 3885 828 3963 sedulo
861 3911 906 3964 ac
936 3892 1085 3988 penitus
1111 3890 1291 3967 excolan-

182 4019 263 4104 tnr,
302 4037 376 4111 qno
417 4013 557 4090 habere
597 4015 752 4116 possitis
787 4036 905 4087 navos
945 4021 1055 4113 atquc
1090 4012 1292 4089 industrios

184 4141 392 4237 operarios,
419 4142 480 4239 qni
508 4137 772 4216 ecclesiastico
799 4140 929 4238 spiritu
956 4136 1111 4238 praediti
1139 4161 1184 4210 ac
1210 4121 1293 4209 stu'-

185 4259 258 4339 diis
292 4273 397 4341 nocte
425 4265 582 4340 instituti
613 4262 765 4339 valeant
801 4265 1029 4360 intempore
1065 4258 1294 4332 Dominicum
