<?xml version="1.0" encoding="UTF-8"?>
<!DOCTYPE html PUBLIC "-//W3C//DTD XHTML 1.0 Transitional//EN"
    "http://www.w3.org/TR/xhtml1/DTD/xhtml1-transitional.dtd">
<html xmlns="http://www.w3.org/1999/xhtml" xml:lang="en" lang="en">
 <head>
  <title>
</title>
<meta http-equiv="Content-Type" content="text/html;charset=utf-8" />
  <meta name='ocr-system' content='tesseract 3.04.00' />
  <meta name='ocr-capabilities' content='ocr_page ocr_carea ocr_par ocr_line ocrx_word'/>
</head>
<body>
  <div class='ocr_page' id='page_1' title='image "./institutionespa01fessgoog_0323.png"; bbox 0 0 2948 4662; ppageno 0'>
   <div class='ocr_carea' id='block_1_1' title="bbox 223 315 286 381">
    <p class='ocr_par' dir='ltr' id='par_1_1' title="bbox 223 315 286 381">
     <span class='ocr_line' id='line_1_1' title="bbox 223 315 286 381; baseline 0 0"><span class='ocrx_word' id='word_1_1' title='bbox 223 315 286 381; x_wconf 77' lang='lat'><strong>286</strong></span> 
     </span>
    </p>
   </div>
   <div class='ocr_carea' id='block_1_2' title="bbox 222 475 1337 1490">
    <p class='ocr_par' dir='ltr' id='par_1_2' title="bbox 222 475 1337 1490">
     <span class='ocr_line' id='line_1_2' title="bbox 225 475 1337 564; baseline 0 -16"><span class='ocrx_word' id='word_1_2' title='bbox 225 493 260 548; x_wconf 90' lang='lat' dir='ltr'><strong>ct</strong></span> <span class='ocrx_word' id='word_1_3' title='bbox 286 480 473 546; x_wconf 79' lang='lat' dir='ltr'><strong>abstrusum</strong></span> <span class='ocrx_word' id='word_1_4' title='bbox 505 477 634 560; x_wconf 85' lang='lat' dir='ltr'><strong>lacum,</strong></span> <span class='ocrx_word' id='word_1_5' title='bbox 671 479 727 564; x_wconf 81' lang='lat' dir='ltr'><strong>qui</strong></span> <span class='ocrx_word' id='word_1_6' title='bbox 759 477 901 544; x_wconf 74' lang='lat' dir='ltr'><strong>Curubis</strong></span> <span class='ocrx_word' id='word_1_7' title='bbox 933 475 1124 554; x_wconf 79' lang='lat' dir='ltr'><strong>dicebatur,</strong></span> <span class='ocrx_word' id='word_1_8' title='bbox 1158 480 1337 548; x_wconf 75' lang='lat' dir='ltr'><strong>caruitmtc</strong></span> 
     </span>
     <span class='ocr_line' id='line_1_3' title="bbox 227 563 1337 647; baseline 0 -16"><span class='ocrx_word' id='word_1_9' title='bbox 227 585 298 632; x_wconf 89' lang='lat' dir='ltr'><strong>eum</strong></span> <span class='ocrx_word' id='word_1_10' title='bbox 322 564 440 629; x_wconf 86' lang='lat' dir='ltr'><strong>Pontio</strong></span> <span class='ocrx_word' id='word_1_11' title='bbox 464 563 613 627; x_wconf 84' lang='lat' dir='ltr'><strong>diacono.</strong></span> <span class='ocrx_word' id='word_1_12' title='bbox 667 565 763 628; x_wconf 76' lang='lat' dir='ltr'><strong>Anno</strong></span> <span class='ocrx_word' id='word_1_13' title='bbox 785 564 937 647; x_wconf 77' lang='lat' dir='ltr'><strong>sequenti</strong></span> <span class='ocrx_word' id='word_1_14' title='bbox 967 565 1009 628; x_wconf 92' lang='lat' dir='ltr'><strong>uh</strong></span> <span class='ocrx_word' id='word_1_15' title='bbox 1031 563 1133 629; x_wconf 83' lang='lat' dir='ltr'><strong>exilio</strong></span> <span class='ocrx_word' id='word_1_16' title='bbox 1157 574 1337 630; x_wconf 78' lang='lat' dir='ltr'><strong>reuocatus</strong></span> 
     </span>
     <span class='ocr_line' id='line_1_4' title="bbox 227 647 1336 730; baseline -0.001 -14"><span class='ocrx_word' id='word_1_17' title='bbox 227 651 260 716; x_wconf 94' lang='lat' dir='ltr'><strong>in</strong></span> <span class='ocrx_word' id='word_1_18' title='bbox 284 650 388 715; x_wconf 89' lang='lat' dir='ltr'><strong>huriis</strong></span> <span class='ocrx_word' id='word_1_19' title='bbox 410 647 483 713; x_wconf 86' lang='lat' dir='ltr'><strong>suis</strong></span> <span class='ocrx_word' id='word_1_20' title='bbox 505 665 638 713; x_wconf 83' lang='lat' dir='ltr'><strong>manere</strong></span> <span class='ocrx_word' id='word_1_21' title='bbox 655 649 774 730; x_wconf 87' lang='lat' dir='ltr'><strong>jussus</strong></span> <span class='ocrx_word' id='word_1_22' title='bbox 796 654 867 722; x_wconf 84' lang='lat' dir='ltr'><strong>est,</strong></span> <span class='ocrx_word' id='word_1_23' title='bbox 902 647 976 712; x_wconf 90' lang='lat' dir='ltr'><strong>dum</strong></span> <span class='ocrx_word' id='word_1_24' title='bbox 1007 649 1178 713; x_wconf 85' lang='lat' dir='ltr'><strong>sententia</strong></span> <span class='ocrx_word' id='word_1_25' title='bbox 1203 648 1248 714; x_wconf 86' lang='lat' dir='ltr'><strong>ile</strong></span> <span class='ocrx_word' id='word_1_26' title='bbox 1278 649 1336 715; x_wconf 88' lang='lat' dir='ltr'><strong>illc</strong></span> 
     </span>
     <span class='ocr_line' id='line_1_5' title="bbox 227 729 1336 818; baseline -0.001 -18"><span class='ocrx_word' id='word_1_27' title='bbox 227 735 380 800; x_wconf 85' lang='lat' dir='ltr'><strong>terretur.</strong></span> <span class='ocrx_word' id='word_1_28' title='bbox 424 730 490 797; x_wconf 87' lang='lat' dir='ltr'><strong>Ubi</strong></span> <span class='ocrx_word' id='word_1_29' title='bbox 513 739 623 796; x_wconf 88' lang='lat' dir='ltr'><strong>autem</strong></span> <span class='ocrx_word' id='word_1_30' title='bbox 645 732 806 816; x_wconf 89' lang='lat' dir='ltr'><strong>perlatum</strong></span> <span class='ocrx_word' id='word_1_31' title='bbox 830 740 882 795; x_wconf 88' lang='lat' dir='ltr'><strong>esi</strong></span> <span class='ocrx_word' id='word_1_32' title='bbox 906 731 949 797; x_wconf 88' lang='lat' dir='ltr'><strong>ad</strong></span> <span class='ocrx_word' id='word_1_33' title='bbox 973 729 1009 798; x_wconf 83' lang='lat' dir='ltr'><strong>S·</strong></span> <span class='ocrx_word' id='word_1_34' title='bbox 1028 729 1242 818; x_wconf 61' lang='lat' dir='ltr'><strong>cyprianum,</strong></span> <span class='ocrx_word' id='word_1_35' title='bbox 1264 735 1336 800; x_wconf 88' lang='lat' dir='ltr'><strong>lra-</strong></span> 
     </span>
     <span class='ocr_line' id='line_1_6' title="bbox 226 815 1337 900; baseline -0.002 -16"><span class='ocrx_word' id='word_1_36' title='bbox 226 819 407 884; x_wconf 88' lang='lat' dir='ltr'><strong>mentarios</strong></span> <span class='ocrx_word' id='word_1_37' title='bbox 431 816 552 881; x_wconf 87' lang='lat' dir='ltr'><strong>missas</strong></span> <span class='ocrx_word' id='word_1_38' title='bbox 573 834 671 894; x_wconf 85' lang='lat' dir='ltr'><strong>esse,</strong></span> <span class='ocrx_word' id='word_1_39' title='bbox 702 815 756 900; x_wconf 87' lang='lat' dir='ltr'><strong>qui</strong></span> <span class='ocrx_word' id='word_1_40' title='bbox 783 833 855 880; x_wconf 88' lang='lat' dir='ltr'><strong>enm</strong></span> <span class='ocrx_word' id='word_1_41' title='bbox 878 815 1008 881; x_wconf 84' lang='lat' dir='ltr'><strong>Uticam</strong></span> <span class='ocrx_word' id='word_1_42' title='bbox 1033 817 1272 899; x_wconf 75' lang='lat' dir='ltr'><strong>perducerent.</strong></span> <span class='ocrx_word' id='word_1_43' title='bbox 1300 823 1337 882; x_wconf 92' lang='lat' dir='ltr'><strong>ut</strong></span> 
     </span>
     <span class='ocr_line' id='line_1_7' title="bbox 225 899 1335 984; baseline -0.003 -15"><span class='ocrx_word' id='word_1_44' title='bbox 225 903 271 969; x_wconf 92' lang='lat' dir='ltr'><strong>ihi</strong></span> <span class='ocrx_word' id='word_1_45' title='bbox 305 900 506 967; x_wconf 77' lang='lat' dir='ltr'><strong>sententiam</strong></span> <span class='ocrx_word' id='word_1_46' title='bbox 544 899 658 964; x_wconf 90' lang='lat' dir='ltr'><strong>mortis</strong></span> <span class='ocrx_word' id='word_1_47' title='bbox 691 899 878 984; x_wconf 86' lang='lat' dir='ltr'><strong>acciperet,</strong></span> <span class='ocrx_word' id='word_1_48' title='bbox 917 899 1054 964; x_wconf 88' lang='lat' dir='ltr'><strong>consilio</strong></span> <span class='ocrx_word' id='word_1_49' title='bbox 1090 901 1335 967; x_wconf 77' lang='lat' dir='ltr'><strong>carissimorum</strong></span> 
     </span>
     <span class='ocr_line' id='line_1_8' title="bbox 227 981 1337 1069; baseline -0.002 -17"><span class='ocrx_word' id='word_1_50' title='bbox 227 985 410 1064; x_wconf 80' lang='lat' dir='ltr'><strong>consensit,</strong></span> <span class='ocrx_word' id='word_1_51' title='bbox 434 991 534 1068; x_wconf 85' lang='lat' dir='ltr'><strong>utque</strong></span> <span class='ocrx_word' id='word_1_52' title='bbox 558 984 601 1047; x_wconf 86' lang='lat' dir='ltr'><strong>rie</strong></span> <span class='ocrx_word' id='word_1_53' title='bbox 623 981 728 1048; x_wconf 88' lang='lat' dir='ltr'><strong>huriis</strong></span> <span class='ocrx_word' id='word_1_54' title='bbox 749 983 821 1047; x_wconf 88' lang='lat' dir='ltr'><strong>suis</strong></span> <span class='ocrx_word' id='word_1_55' title='bbox 845 983 876 1046; x_wconf 89' lang='lat' dir='ltr'><strong>in</strong></span> <span class='ocrx_word' id='word_1_56' title='bbox 900 983 1045 1048; x_wconf 74' lang='lat' dir='ltr'><strong>altilium</strong></span> <span class='ocrx_word' id='word_1_57' title='bbox 1068 984 1210 1069; x_wconf 83' lang='lat' dir='ltr'><strong>aliquem</strong></span> <span class='ocrx_word' id='word_1_58' title='bbox 1228 984 1337 1050; x_wconf 90' lang='lat' dir='ltr'><strong>lucum</strong></span> 
     </span>
     <span class='ocr_line' id='line_1_9' title="bbox 224 1066 1335 1153; baseline -0.004 -16"><span class='ocrx_word' id='word_1_59' title='bbox 224 1072 386 1148; x_wconf 86' lang='lat' dir='ltr'><strong>secessit,</strong></span> <span class='ocrx_word' id='word_1_60' title='bbox 402 1067 538 1153; x_wconf 75' lang='lat' dir='ltr'><strong>&#39;eoquod</strong></span> <span class='ocrx_word' id='word_1_61' title='bbox 563 1069 767 1133; x_wconf 82' lang='lat' dir='ltr'><strong>committere</strong></span> <span class='ocrx_word' id='word_1_62' title='bbox 788 1066 946 1143; x_wconf 79' lang='lat' dir='ltr'><strong>noluerit,</strong></span> <span class='ocrx_word' id='word_1_63' title='bbox 968 1075 1003 1132; x_wconf 91' lang='lat' dir='ltr'><strong>ui</strong></span> <span class='ocrx_word' id='word_1_64' title='bbox 1022 1067 1055 1132; x_wconf 93' lang='lat' dir='ltr'><strong>in</strong></span> <span class='ocrx_word' id='word_1_65' title='bbox 1077 1067 1190 1133; x_wconf 88' lang='lat' dir='ltr'><strong>aliena</strong></span> <span class='ocrx_word' id='word_1_66' title='bbox 1212 1069 1335 1133; x_wconf 83' lang='lat' dir='ltr'><strong>civita·</strong></span> 
     </span>
     <span class='ocr_line' id='line_1_10' title="bbox 223 1149 1336 1236; baseline -0.004 -14"><span class='ocrx_word' id='word_1_67' title='bbox 223 1159 273 1232; x_wconf 77' lang='lat' dir='ltr'><strong>te,</strong></span> <span class='ocrx_word' id='word_1_68' title='bbox 296 1172 360 1219; x_wconf 89' lang='lat' dir='ltr'><strong>nnn</strong></span> <span class='ocrx_word' id='word_1_69' title='bbox 384 1170 494 1218; x_wconf 87' lang='lat' dir='ltr'><strong>curam</strong></span> <span class='ocrx_word' id='word_1_70' title='bbox 517 1149 614 1236; x_wconf 80' lang='lat' dir='ltr'><strong>plebe</strong></span> <span class='ocrx_word' id='word_1_71' title='bbox 634 1169 706 1218; x_wconf 76' lang='lat' dir='ltr'><strong>sua.</strong></span> <span class='ocrx_word' id='word_1_72' title='bbox 732 1157 874 1234; x_wconf 83' lang='lat' dir='ltr'><strong>accepta</strong></span> <span class='ocrx_word' id='word_1_73' title='bbox 894 1171 933 1216; x_wconf 89' lang='lat' dir='ltr'><strong>su</strong></span> <span class='ocrx_word' id='word_1_74' title='bbox 958 1171 996 1216; x_wconf 91' lang='lat' dir='ltr'><strong>er</strong></span> <span class='ocrx_word' id='word_1_75' title='bbox 1018 1153 1231 1218; x_wconf 80' lang='lat' dir='ltr'><strong>confessione</strong></span> <span class='ocrx_word' id='word_1_76' title='bbox 1252 1171 1336 1218; x_wconf 91' lang='lat' dir='ltr'><strong>seu·</strong></span> 
     </span>
     <span class='ocr_line' id='line_1_11' title="bbox 224 1171 1334 1324; baseline -0.004 -20"><span class='ocrx_word' id='word_1_77' title='bbox 224 1239 332 1304; x_wconf 88' lang='lat' dir='ltr'><strong>tentia</strong></span> <span class='ocrx_word' id='word_1_78' title='bbox 347 1235 471 1302; x_wconf 83' lang='lat' dir='ltr'><strong>exinde</strong></span> <span class='ocrx_word' id='word_1_79' title='bbox 490 1241 615 1319; x_wconf 87' lang='lat' dir='ltr'><strong>martyr</strong></span> <span class='ocrx_word' id='word_1_80' title='bbox 630 1235 672 1300; x_wconf 88' lang='lat' dir='ltr'><strong>ad</strong></span> <span class='ocrx_word' id='word_1_81' title='bbox 684 1234 855 1300; x_wconf 87' lang='lat' dir='ltr'><strong>Dominum</strong></span> <span class='ocrx_word' id='word_1_82' title='bbox 873 1171 1139 1319; x_wconf 46' lang='lat' dir='ltr'><strong>proficisceretur</strong></span> <span class='ocrx_word' id='word_1_83' title='bbox 1154 1233 1232 1324; x_wconf 89' lang='lat' dir='ltr'><strong>(ep.</strong></span> <span class='ocrx_word' id='word_1_84' title='bbox 1242 1231 1334 1324; x_wconf 59' lang='lat'><strong>830.</strong></span> 
     </span>
     <span class='ocr_line' id='line_1_12' title="bbox 224 1317 1337 1404; baseline -0.002 -17"><span class='ocrx_word' id='word_1_85' title='bbox 224 1324 276 1388; x_wconf 91' lang='lat' dir='ltr'><strong>Nc</strong></span> <span class='ocrx_word' id='word_1_86' title='bbox 302 1340 343 1387; x_wconf 87' lang='lat' dir='ltr'><strong>ue</strong></span> <span class='ocrx_word' id='word_1_87' title='bbox 365 1326 443 1384; x_wconf 91' lang='lat' dir='ltr'><strong>tunc</strong></span> <span class='ocrx_word' id='word_1_88' title='bbox 471 1319 578 1404; x_wconf 89' lang='lat' dir='ltr'><strong>plebis</strong></span> <span class='ocrx_word' id='word_1_89' title='bbox 601 1337 685 1384; x_wconf 87' lang='lat' dir='ltr'><strong>suae</strong></span> <span class='ocrx_word' id='word_1_90' title='bbox 708 1337 818 1384; x_wconf 85' lang='lat' dir='ltr'><strong>curram</strong></span> <span class='ocrx_word' id='word_1_91' title='bbox 847 1317 988 1398; x_wconf 80' lang='lat' dir='ltr'><strong>dimisit,</strong></span> <span class='ocrx_word' id='word_1_92' title='bbox 1015 1319 1077 1385; x_wconf 85' lang='lat' dir='ltr'><strong>sed</strong></span> <span class='ocrx_word' id='word_1_93' title='bbox 1107 1319 1258 1386; x_wconf 88' lang='lat' dir='ltr'><strong>hortatus</strong></span> <span class='ocrx_word' id='word_1_94' title='bbox 1281 1328 1337 1388; x_wconf 87' lang='lat' dir='ltr'><strong>est</strong></span> 
     </span>
     <span class='ocr_line' id='line_1_13' title="bbox 222 1343 1335 1490; baseline 0.001 -20"><span class='ocrx_word' id='word_1_95' title='bbox 222 1343 342 1471; x_wconf 47' lang='lat' dir='ltr'><strong>hildes</strong></span> <span class='ocrx_word' id='word_1_96' title='bbox 365 1403 670 1483; x_wconf 68' lang='lat' dir='ltr'><strong>Carthaginenses,</strong></span> <span class='ocrx_word' id='word_1_97' title='bbox 698 1409 734 1466; x_wconf 92' lang='lat' dir='ltr'><strong>ut</strong></span> <span class='ocrx_word' id='word_1_98' title='bbox 756 1402 901 1488; x_wconf 85' lang='lat' dir='ltr'><strong>quietem</strong></span> <span class='ocrx_word' id='word_1_99' title='bbox 925 1411 962 1468; x_wconf 87' lang='lat' dir='ltr'><strong>et</strong></span> <span class='ocrx_word' id='word_1_100' title='bbox 988 1403 1258 1490; x_wconf 76' lang='lat' dir='ltr'><strong>tranquillitatem</strong></span> <span class='ocrx_word' id='word_1_101' title='bbox 1280 1412 1335 1471; x_wconf 86' lang='lat' dir='ltr'><strong>le-</strong></span> 
     </span>
    </p>
   </div>
   <div class='ocr_carea' id='block_1_3' title="bbox 223 1483 1462 1572">
    <p class='ocr_par' dir='ltr' id='par_1_3' title="bbox 223 1483 1462 1572">
     <span class='ocr_line' id='line_1_14' title="bbox 223 1483 1462 1572; baseline -0.003 -16"><span class='ocrx_word' id='word_1_102' title='bbox 223 1494 361 1566; x_wconf 83' lang='lat' dir='ltr'><strong>nerent,</strong></span> <span class='ocrx_word' id='word_1_103' title='bbox 393 1505 456 1554; x_wconf 89' lang='lat' dir='ltr'><strong>uec</strong></span> <span class='ocrx_word' id='word_1_104' title='bbox 487 1485 659 1572; x_wconf 82' lang='lat' dir='ltr'><strong>quisquam</strong></span> <span class='ocrx_word' id='word_1_105' title='bbox 689 1488 858 1552; x_wconf 86' lang='lat' dir='ltr'><strong>tumultum</strong></span> <span class='ocrx_word' id='word_1_106' title='bbox 892 1495 1058 1558; x_wconf 82' lang='lat' dir='ltr'><strong>moveret.</strong></span> <span class='ocrx_word' id='word_1_107' title='bbox 1094 1494 1152 1553; x_wconf 89' lang='lat' dir='ltr'><strong>aut</strong></span> <span class='ocrx_word' id='word_1_108' title='bbox 1179 1490 1267 1552; x_wconf 84' lang='lat' dir='ltr'><strong>rriirc</strong></span> <span class='ocrx_word' id='word_1_109' title='bbox 1302 1509 1336 1552; x_wconf 84' lang='lat' dir='ltr'><strong>re</strong></span> <span class='ocrx_word' id='word_1_110' title='bbox 1461 1483 1462 1494; x_wconf 71' lang='grc'>’</span> 
     </span>
    </p>
   </div>
   <div class='ocr_carea' id='block_1_4' title="bbox 222 1566 1336 1994">
    <p class='ocr_par' dir='ltr' id='par_1_4' title="bbox 222 1566 1336 1994">
     <span class='ocr_line' id='line_1_15' title="bbox 222 1566 1334 1661; baseline 0 -25"><span class='ocrx_word' id='word_1_111' title='bbox 222 1574 398 1658; x_wconf 72' lang='lat' dir='ltr'><strong>gentiliter</strong></span> <span class='ocrx_word' id='word_1_112' title='bbox 419 1573 551 1656; x_wconf 70' lang='lat' dir='ltr'><strong>‹fferrei</strong></span> <span class='ocrx_word' id='word_1_113' title='bbox 574 1568 652 1661; x_wconf 83' lang='lat' dir='ltr'><strong>(ep.</strong></span> <span class='ocrx_word' id='word_1_114' title='bbox 676 1566 766 1654; x_wconf 53' lang='grc'><strong>83.)</strong></span> <span class='ocrx_word' id='word_1_115' title='bbox 811 1572 889 1636; x_wconf 82' lang='lat' dir='ltr'><strong>Mox</strong></span> <span class='ocrx_word' id='word_1_116' title='bbox 914 1591 986 1638; x_wconf 88' lang='lat' dir='ltr'><strong>cum</strong></span> <span class='ocrx_word' id='word_1_117' title='bbox 1010 1571 1164 1637; x_wconf 85' lang='lat' dir='ltr'><strong>rediisset</strong></span> <span class='ocrx_word' id='word_1_118' title='bbox 1188 1572 1334 1638; x_wconf 74' lang='lat' dir='ltr'><strong>Cartha·</strong></span> 
     </span>
     <span class='ocr_line' id='line_1_16' title="bbox 222 1653 1335 1745; baseline -0.001 -24"><span class='ocrx_word' id='word_1_119' title='bbox 222 1659 334 1745; x_wconf 83' lang='lat' dir='ltr'><strong>ginem</strong></span> <span class='ocrx_word' id='word_1_120' title='bbox 359 1655 559 1732; x_wconf 69' lang='lat' dir='ltr'><strong>Proernam,</strong></span> <span class='ocrx_word' id='word_1_121' title='bbox 592 1653 689 1721; x_wconf 87' lang='lat' dir='ltr'><strong>reiliit</strong></span> <span class='ocrx_word' id='word_1_122' title='bbox 710 1654 899 1742; x_wconf 75' lang='lat' dir='ltr'><strong>Cyprianus</strong></span> <span class='ocrx_word' id='word_1_123' title='bbox 922 1657 954 1721; x_wconf 89' lang='lat' dir='ltr'><strong>in</strong></span> <span class='ocrx_word' id='word_1_124' title='bbox 979 1655 1092 1721; x_wconf 83' lang='lat' dir='ltr'><strong>hortus</strong></span> <span class='ocrx_word' id='word_1_125' title='bbox 1120 1676 1224 1730; x_wconf 75' lang='lat' dir='ltr'><strong>suos,</strong></span> <span class='ocrx_word' id='word_1_126' title='bbox 1256 1676 1335 1722; x_wconf 86' lang='lat' dir='ltr'><strong>car-</strong></span> 
     </span>
     <span class='ocr_line' id='line_1_17' title="bbox 222 1739 1333 1826; baseline 0 -21"><span class='ocrx_word' id='word_1_127' title='bbox 222 1741 349 1806; x_wconf 82' lang='lat' dir='ltr'><strong>nificem</strong></span> <span class='ocrx_word' id='word_1_128' title='bbox 374 1747 595 1824; x_wconf 84' lang='lat' dir='ltr'><strong>exspectans:</strong></span> <span class='ocrx_word' id='word_1_129' title='bbox 629 1757 692 1804; x_wconf 93' lang='lat' dir='ltr'><strong>nec</strong></span> <span class='ocrx_word' id='word_1_130' title='bbox 714 1758 821 1812; x_wconf 77' lang='lat' dir='ltr'><strong>incra,</strong></span> <span class='ocrx_word' id='word_1_131' title='bbox 844 1739 1104 1826; x_wconf 86' lang='lat' dir='ltr'><strong>comprehensus</strong></span> <span class='ocrx_word' id='word_1_132' title='bbox 1125 1739 1163 1806; x_wconf 86' lang='lat' dir='ltr'><strong>S.</strong></span> <span class='ocrx_word' id='word_1_133' title='bbox 1188 1739 1333 1826; x_wconf 80' lang='lat' dir='ltr'><strong>Cypria·</strong></span> 
     </span>
     <span class='ocr_line' id='line_1_18' title="bbox 222 1823 1336 1912; baseline 0 -22"><span class='ocrx_word' id='word_1_134' title='bbox 222 1843 284 1890; x_wconf 91' lang='lat' dir='ltr'><strong>nus</strong></span> <span class='ocrx_word' id='word_1_135' title='bbox 304 1823 472 1890; x_wconf 82' lang='lat' dir='ltr'><strong>Christum</strong></span> <span class='ocrx_word' id='word_1_136' title='bbox 494 1823 627 1909; x_wconf 86' lang='lat' dir='ltr'><strong>publice</strong></span> <span class='ocrx_word' id='word_1_137' title='bbox 650 1823 826 1889; x_wconf 83' lang='lat' dir='ltr'><strong>consessus</strong></span> <span class='ocrx_word' id='word_1_138' title='bbox 849 1831 884 1890; x_wconf 89' lang='lat' dir='ltr'><strong>et</strong></span> <span class='ocrx_word' id='word_1_139' title='bbox 904 1825 1020 1912; x_wconf 82' lang='lat' dir='ltr'><strong>gladio</strong></span> <span class='ocrx_word' id='word_1_140' title='bbox 1043 1841 1222 1910; x_wconf 80' lang='lat' dir='ltr'><strong>percussus</strong></span> <span class='ocrx_word' id='word_1_141' title='bbox 1245 1845 1336 1890; x_wconf 85' lang='lat' dir='ltr'><strong>mar·</strong></span> 
     </span>
     <span class='ocr_line' id='line_1_19' title="bbox 222 1906 1178 1994; baseline -0.004 -18"><span class='ocrx_word' id='word_1_142' title='bbox 222 1909 299 1993; x_wconf 80' lang='lat' dir='ltr'><strong>tyrii</strong></span> <span class='ocrx_word' id='word_1_143' title='bbox 321 1927 474 1976; x_wconf 88' lang='lat' dir='ltr'><strong>caranum</strong></span> <span class='ocrx_word' id='word_1_144' title='bbox 496 1907 642 1993; x_wconf 84' lang='lat' dir='ltr'><strong>adeptus</strong></span> <span class='ocrx_word' id='word_1_145' title='bbox 663 1915 717 1974; x_wconf 87' lang='lat' dir='ltr'><strong>est</strong></span> <span class='ocrx_word' id='word_1_146' title='bbox 740 1911 791 1973; x_wconf 82' lang='lat'><strong>14.</strong></span> <span class='ocrx_word' id='word_1_147' title='bbox 814 1906 1024 1994; x_wconf 81' lang='lat' dir='ltr'><strong>Septembris</strong></span> <span class='ocrx_word' id='word_1_148' title='bbox 1046 1908 1119 1975; x_wconf 72' lang='lat'>⁸258.</span> <span class='ocrx_word' id='word_1_149' title='bbox 1143 1911 1178 1986; x_wconf 69' lang='lat'><strong>⁶)</strong></span> 
     </span>
    </p>
   </div>
   <div class='ocr_carea' id='block_1_5' title="bbox 454 2092 1098 2303">
    <p class='ocr_par' dir='ltr' id='par_1_5' title="bbox 454 2092 1098 2303">
     <span class='ocr_line' id='line_1_20' title="bbox 749 2107 828 2172; baseline 0.013 -2"><span class='ocrx_word' id='word_1_150' title='bbox 749 2152 757 2170; x_wconf 93' lang='lat'><strong>.</strong></span> <span class='ocrx_word' id='word_1_151' title='bbox 777 2107 828 2172; x_wconf 82' lang='lat' dir='ltr'><strong>tii.</strong></span> 
     </span>
     <span class='ocr_line' id='line_1_21' title="bbox 454 2092 1098 2303; baseline 0.006 -25"><span class='ocrx_word' id='word_1_152' title='bbox 454 2217 559 2300; x_wconf 83' lang='lat' dir='ltr'><strong>Opera</strong></span> <span class='ocrx_word' id='word_1_153' title='bbox 585 2217 621 2282; x_wconf 82' lang='lat' dir='ltr'><strong>S.</strong></span> <span class='ocrx_word' id='word_1_154' title='bbox 646 2092 816 2300; x_wconf 67' lang='lat' dir='ltr'><strong>Cyprsr&#39;uur&#39;.</strong></span> <span class='ocrx_word' id='word_1_155' title='bbox 849 2221 890 2284; x_wconf 86' lang='grc' dir='ltr'><strong>Α.</strong></span> <span class='ocrx_word' id='word_1_156' title='bbox 917 2217 1098 2303; x_wconf 81' lang='lat' dir='ltr'><strong>iipirioiue.</strong></span> 
     </span>
    </p>
   </div>
   <div class='ocr_carea' id='block_1_6' title="bbox 219 2347 1331 2532">
    <p class='ocr_par' dir='ltr' id='par_1_6' title="bbox 219 2347 1331 2532">
     <span class='ocr_line' id='line_1_22' title="bbox 305 2347 1331 2444; baseline 0.002 -21"><span class='ocrx_word' id='word_1_157' title='bbox 305 2355 451 2440; x_wconf 80' lang='lat' dir='ltr'><strong>Scripta,</strong></span> <span class='ocrx_word' id='word_1_158' title='bbox 474 2347 620 2442; x_wconf 80' lang='lat' dir='ltr'><strong>quae&#39;s.</strong></span> <span class='ocrx_word' id='word_1_159' title='bbox 641 2355 830 2442; x_wconf 84' lang='lat' dir='ltr'><strong>Cyprianus</strong></span> <span class='ocrx_word' id='word_1_160' title='bbox 852 2358 994 2444; x_wconf 77' lang='lat' dir='ltr'><strong>reliquii,</strong></span> <span class='ocrx_word' id='word_1_161' title='bbox 1017 2355 1186 2424; x_wconf 84' lang='lat' dir='ltr'><strong>commode</strong></span> <span class='ocrx_word' id='word_1_162' title='bbox 1208 2358 1241 2424; x_wconf 93' lang='lat' dir='ltr'><strong>in</strong></span> <span class='ocrx_word' id='word_1_163' title='bbox 1265 2356 1331 2426; x_wconf 86' lang='lat' dir='ltr'><strong>driu</strong></span> 
     </span>
     <span class='ocr_line' id='line_1_23' title="bbox 219 2441 1329 2532; baseline -0.005 -23"><span class='ocrx_word' id='word_1_164' title='bbox 219 2459 349 2532; x_wconf 75' lang='lat' dir='ltr'><strong>genera</strong></span> <span class='ocrx_word' id='word_1_165' title='bbox 376 2441 524 2526; x_wconf 86' lang='lat' dir='ltr'><strong>dispesci</strong></span> <span class='ocrx_word' id='word_1_166' title='bbox 553 2447 711 2528; x_wconf 87' lang='lat' dir='ltr'><strong>possunt:</strong></span> <span class='ocrx_word' id='word_1_167' title='bbox 756 2441 926 2525; x_wconf 72' lang='lat' dir='ltr'><strong>Epistulas</strong></span> <span class='ocrx_word' id='word_1_168' title='bbox 948 2443 1079 2509; x_wconf 87' lang='lat' dir='ltr'><strong>scilicet</strong></span> <span class='ocrx_word' id='word_1_169' title='bbox 1098 2452 1133 2509; x_wconf 92' lang='lat' dir='ltr'><strong>ei</strong></span> <span class='ocrx_word' id='word_1_170' title='bbox 1159 2445 1329 2526; x_wconf 76' lang='lat' dir='ltr'><strong>opusculi.</strong></span> 
     </span>
    </p>
   </div>
   <div class='ocr_carea' id='block_1_7' title="bbox 219 2528 1332 2980">
    <p class='ocr_par' dir='ltr' id='par_1_7' title="bbox 219 2528 1332 2980">
     <span class='ocr_line' id='line_1_24' title="bbox 221 2528 1331 2630; baseline 0.005 -24"><span class='ocrx_word' id='word_1_171' title='bbox 221 2529 424 2629; x_wconf 72' lang='lat' dir='ltr'><strong>Epistulae</strong></span> <span class='ocrx_word' id='word_1_172' title='bbox 449 2528 510 2602; x_wconf 77' lang='lat'><strong>83</strong></span> <span class='ocrx_word' id='word_1_173' title='bbox 535 2543 569 2607; x_wconf 92' lang='lat' dir='ltr'><strong>in</strong></span> <span class='ocrx_word' id='word_1_174' title='bbox 600 2542 801 2609; x_wconf 85' lang='lat' dir='ltr'><strong>editionibus</strong></span> <span class='ocrx_word' id='word_1_175' title='bbox 830 2543 961 2629; x_wconf 85' lang='lat' dir='ltr'><strong>optimis</strong></span> <span class='ocrx_word' id='word_1_176' title='bbox 983 2541 1021 2610; x_wconf 84' lang='lat' dir='ltr'><strong>S.</strong></span> <span class='ocrx_word' id='word_1_177' title='bbox 1046 2544 1205 2630; x_wconf 75' lang='lat' dir='ltr'><strong>Cypriani</strong></span> <span class='ocrx_word' id='word_1_178' title='bbox 1233 2545 1331 2612; x_wconf 79' lang='lat' dir='ltr'><strong>euhi-</strong></span> 
     </span>
     <span class='ocr_line' id='line_1_25' title="bbox 219 2627 1331 2715; baseline -0.003 -17"><span class='ocrx_word' id='word_1_179' title='bbox 219 2633 355 2710; x_wconf 88' lang='lat' dir='ltr'><strong>hentur‚</strong></span> <span class='ocrx_word' id='word_1_180' title='bbox 378 2647 515 2715; x_wconf 81' lang='lat' dir='ltr'><strong>quarum</strong></span> <span class='ocrx_word' id='word_1_181' title='bbox 539 2638 649 2692; x_wconf 92' lang='lat' dir='ltr'><strong>tamen</strong></span> <span class='ocrx_word' id='word_1_182' title='bbox 673 2629 804 2694; x_wconf 88' lang='lat' dir='ltr'><strong>nonnisi</strong></span> <span class='ocrx_word' id='word_1_183' title='bbox 827 2631 868 2694; x_wconf 82' lang='lat' dir='ltr'><strong>iii</strong></span> <span class='ocrx_word' id='word_1_184' title='bbox 892 2627 929 2693; x_wconf 86' lang='lat' dir='ltr'><strong>S.</strong></span> <span class='ocrx_word' id='word_1_185' title='bbox 953 2627 1112 2715; x_wconf 81' lang='lat' dir='ltr'><strong>Cypriani</strong></span> <span class='ocrx_word' id='word_1_186' title='bbox 1134 2638 1227 2703; x_wconf 77' lang='lat' dir='ltr'><strong>suni,</strong></span> <span class='ocrx_word' id='word_1_187' title='bbox 1250 2630 1331 2695; x_wconf 87' lang='lat' dir='ltr'><strong>neli-</strong></span> 
     </span>
     <span class='ocr_line' id='line_1_26' title="bbox 222 2709 1332 2861; baseline 0.001 -82"><span class='ocrx_word' id='word_1_188' title='bbox 222 2733 307 2802; x_wconf 87' lang='lat' dir='ltr'><strong>quae</strong></span> <span class='ocrx_word' id='word_1_189' title='bbox 330 2713 384 2779; x_wconf 87' lang='lat' dir='ltr'><strong>vel</strong></span> <span class='ocrx_word' id='word_1_190' title='bbox 408 2713 451 2778; x_wconf 72' lang='lat' dir='ltr'><strong>aul</strong></span> <span class='ocrx_word' id='word_1_191' title='bbox 474 2713 582 2861; x_wconf 51' lang='lat' dir='ltr'><strong>issum</strong></span> <span class='ocrx_word' id='word_1_192' title='bbox 605 2709 825 2796; x_wconf 79' lang='lat' dir='ltr'><strong>Cyprianum,</strong></span> <span class='ocrx_word' id='word_1_193' title='bbox 855 2713 909 2778; x_wconf 81' lang='lat' dir='ltr'><strong>vel</strong></span> <span class='ocrx_word' id='word_1_194' title='bbox 933 2711 976 2778; x_wconf 87' lang='lat' dir='ltr'><strong>ad</strong></span> <span class='ocrx_word' id='word_1_195' title='bbox 1001 2714 1124 2779; x_wconf 91' lang='lat' dir='ltr'><strong>clerum</strong></span> <span class='ocrx_word' id='word_1_196' title='bbox 1148 2714 1332 2803; x_wconf 76' lang='lat' dir='ltr'><strong>Carthagi-</strong></span> 
     </span>
     <span class='ocr_line' id='line_1_27' title="bbox 220 2796 1331 2882; baseline -0.002 -17"><span class='ocrx_word' id='word_1_197' title='bbox 220 2816 357 2865; x_wconf 89' lang='lat' dir='ltr'><strong>nensem</strong></span> <span class='ocrx_word' id='word_1_198' title='bbox 379 2805 459 2863; x_wconf 88' lang='lat' dir='ltr'><strong>sunt</strong></span> <span class='ocrx_word' id='word_1_199' title='bbox 504 2797 630 2861; x_wconf 86' lang='lat' dir='ltr'><strong>ircclae</strong></span> <span class='ocrx_word' id='word_1_200' title='bbox 653 2804 687 2862; x_wconf 92' lang='lat' dir='ltr'><strong>ei</strong></span> <span class='ocrx_word' id='word_1_201' title='bbox 709 2797 753 2862; x_wconf 85' lang='lat' dir='ltr'><strong>ad</strong></span> <span class='ocrx_word' id='word_1_202' title='bbox 777 2796 947 2862; x_wconf 84' lang='lat' dir='ltr'><strong>historiam</strong></span> <span class='ocrx_word' id='word_1_203' title='bbox 970 2797 1057 2862; x_wconf 89' lang='lat' dir='ltr'><strong>illius</strong></span> <span class='ocrx_word' id='word_1_204' title='bbox 1078 2805 1144 2863; x_wconf 89' lang='lat' dir='ltr'><strong>tem</strong></span> <span class='ocrx_word' id='word_1_205' title='bbox 1171 2801 1237 2866; x_wconf 87' lang='lat' dir='ltr'><strong>uris</strong></span> <span class='ocrx_word' id='word_1_206' title='bbox 1251 2818 1331 2882; x_wconf 88' lang='lat' dir='ltr'><strong>pcr-</strong></span> 
     </span>
     <span class='ocr_line' id='line_1_28' title="bbox 220 2819 1331 2980; baseline 0.001 -31"><span class='ocrx_word' id='word_1_207' title='bbox 220 2883 326 2950; x_wconf 84' lang='lat' dir='ltr'><strong>tineut</strong></span> <span class='ocrx_word' id='word_1_208' title='bbox 347 2884 410 2960; x_wconf 70' lang='lat' dir='ltr'><strong>”p</strong></span> <span class='ocrx_word' id='word_1_209' title='bbox 459 2879 623 2946; x_wconf 85' lang='lat' dir='ltr'><strong>Plurimus</strong></span> <span class='ocrx_word' id='word_1_210' title='bbox 650 2887 686 2946; x_wconf 93' lang='lat' dir='ltr'><strong>et</strong></span> <span class='ocrx_word' id='word_1_211' title='bbox 708 2881 932 2968; x_wconf 83' lang='lat' dir='ltr'><strong>gravissimas</strong></span> <span class='ocrx_word' id='word_1_212' title='bbox 953 2879 1018 2948; x_wconf 91' lang='lat' dir='ltr'><strong>hae</strong></span> <span class='ocrx_word' id='word_1_213' title='bbox 1036 2819 1202 2980; x_wconf 58' lang='lat' dir='ltr'><strong>¹episiusac</strong></span> <span class='ocrx_word' id='word_1_214' title='bbox 1223 2893 1331 2950; x_wconf 84' lang='lat' dir='ltr'><strong>maie·</strong></span> 
     </span>
    </p>
   </div>
   <div class='ocr_carea' id='block_1_8' title="bbox 219 3053 427 3069">
    <p class='ocr_par' dir='ltr' id='par_1_8' title="bbox 219 3053 427 3069">
     <span class='ocr_line' id='line_1_29' title="bbox 219 3053 427 3069; baseline -0.01 0"><span class='ocrx_word' id='word_1_215' title='bbox 219 3053 427 3069; x_wconf 49' lang='lat' dir='ltr'><strong>m</strong></span> 
     </span>
    </p>
   </div>
   <div class='ocr_carea' id='block_1_9' title="bbox 256 3149 1331 4340">
    <p class='ocr_par' dir='ltr' id='par_1_9' title="bbox 272 3149 1331 3777">
     <span class='ocr_line' id='line_1_30' title="bbox 272 3149 1329 3218; baseline -0.001 -15"><span class='ocrx_word' id='word_1_216' title='bbox 272 3150 304 3213; x_wconf 79' lang='lat'><strong>*)</strong></span> <span class='ocrx_word' id='word_1_217' title='bbox 324 3154 389 3204; x_wconf 70' lang='lat' dir='ltr'><strong>lilii.</strong></span> <span class='ocrx_word' id='word_1_218' title='bbox 409 3153 488 3202; x_wconf 74' lang='lat' dir='ltr'><strong>Pani·</strong></span> <span class='ocrx_word' id='word_1_219' title='bbox 508 3164 537 3200; x_wconf 88' lang='grc' dir='ltr'><strong>ιι.</strong></span> <span class='ocrx_word' id='word_1_220' title='bbox 560 3150 590 3202; x_wconf 92' lang='lat' dir='ltr'><strong>ll</strong></span> <span class='ocrx_word' id='word_1_221' title='bbox 602 3173 635 3186; x_wconf 93' lang='lat'><em>-</em></span> <span class='ocrx_word' id='word_1_222' title='bbox 648 3149 691 3204; x_wconf 84' lang='lat' dir='ltr'><strong>iii.</strong></span> <span class='ocrx_word' id='word_1_223' title='bbox 715 3156 746 3202; x_wconf 89' lang='lat' dir='ltr'><strong>et</strong></span> <span class='ocrx_word' id='word_1_224' title='bbox 763 3154 835 3204; x_wconf 80' lang='lat' dir='ltr'><strong>Acta</strong></span> <span class='ocrx_word' id='word_1_225' title='bbox 853 3153 1063 3204; x_wconf 79' lang='lat' dir='ltr'><strong>Proconsularis</strong></span> <span class='ocrx_word' id='word_1_226' title='bbox 1088 3152 1135 3212; x_wconf 84' lang='lat' dir='ltr'><strong>(de</strong></span> <span class='ocrx_word' id='word_1_227' title='bbox 1154 3155 1253 3218; x_wconf 80' lang='lat' dir='ltr'><strong>quilius</strong></span> <span class='ocrx_word' id='word_1_228' title='bbox 1270 3155 1329 3204; x_wconf 84' lang='lat' dir='ltr'><strong>viri.</strong></span> 
     </span>
     <span class='ocr_line' id='line_1_31' title="bbox 323 3221 1330 3287; baseline 0.004 -15"><span class='ocrx_word' id='word_1_229' title='bbox 323 3225 354 3273; x_wconf 81' lang='lat' dir='ltr'><strong>S.</strong></span> <span class='ocrx_word' id='word_1_230' title='bbox 372 3224 520 3287; x_wconf 67' lang='lat' dir='ltr'><strong>augustin.</strong></span> <span class='ocrx_word' id='word_1_231' title='bbox 540 3233 567 3272; x_wconf 83' lang='lat' dir='ltr'><strong>c.</strong></span> <span class='ocrx_word' id='word_1_232' title='bbox 580 3221 720 3272; x_wconf 77' lang='lat' dir='ltr'><strong>Gaudent.</strong></span> <span class='ocrx_word' id='word_1_233' title='bbox 740 3224 791 3273; x_wconf 80' lang='lat' dir='ltr'><strong>iiii.</strong></span> <span class='ocrx_word' id='word_1_234' title='bbox 810 3225 833 3272; x_wconf 90' lang='lat' dir='ltr'><strong>i.</strong></span> <span class='ocrx_word' id='word_1_235' title='bbox 853 3236 881 3273; x_wconf 86' lang='lat' dir='ltr'><strong>u.</strong></span> <span class='ocrx_word' id='word_1_236' title='bbox 892 3221 953 3280; x_wconf 84' lang='lat' dir='ltr'><strong>ic.)</strong></span> <span class='ocrx_word' id='word_1_237' title='bbox 971 3225 1243 3285; x_wconf 65' lang='lat' dir='ltr'><strong>annumerandi.</strong></span> <span class='ocrx_word' id='word_1_238' title='bbox 1259 3222 1330 3286; x_wconf 75' lang='lat' dir='ltr'><strong>pia</strong></span> 
     </span>
     <span class='ocr_line' id='line_1_32' title="bbox 325 3287 1330 3356; baseline 0.001 -11"><span class='ocrx_word' id='word_1_239' title='bbox 325 3292 404 3345; x_wconf 77' lang='lat' dir='ltr'><strong>-ta</strong></span> <span class='ocrx_word' id='word_1_240' title='bbox 424 3299 454 3343; x_wconf 84' lang='lat' dir='ltr'><strong>at</strong></span> <span class='ocrx_word' id='word_1_241' title='bbox 473 3294 631 3342; x_wconf 77' lang='lat' dir='ltr'><strong>iuhiauriu.</strong></span> <span class='ocrx_word' id='word_1_242' title='bbox 651 3293 721 3341; x_wconf 78' lang='lat' dir='ltr'><strong>edit.</strong></span> <span class='ocrx_word' id='word_1_243' title='bbox 740 3287 988 3356; x_wconf 69' lang='lat' dir='ltr'><strong>(ipp08.cypriaui</strong></span> <span class='ocrx_word' id='word_1_244' title='bbox 1008 3307 1034 3356; x_wconf 84' lang='lat' dir='ltr'><strong>p.</strong></span> <span class='ocrx_word' id='word_1_245' title='bbox 1047 3289 1245 3350; x_wconf 65' lang='lat' dir='ltr'><strong>cxliiii-vl.</strong></span> <span class='ocrx_word' id='word_1_246' title='bbox 1264 3298 1330 3346; x_wconf 84' lang='lat' dir='ltr'><strong>item</strong></span> 
     </span>
     <span class='ocr_line' id='line_1_33' title="bbox 324 3357 1331 3427; baseline 0.002 -13"><span class='ocrx_word' id='word_1_247' title='bbox 324 3364 529 3414; x_wconf 76' lang='lat' dir='ltr'><strong>iuGaiiaurh&#39;i&#39;.</strong></span> <span class='ocrx_word' id='word_1_248' title='bbox 541 3363 591 3411; x_wconf 83' lang='lat' dir='ltr'><strong>iii.</strong></span> <span class='ocrx_word' id='word_1_249' title='bbox 599 3375 624 3423; x_wconf 89' lang='lat' dir='ltr'><strong>p.</strong></span> <span class='ocrx_word' id='word_1_250' title='bbox 633 3357 767 3413; x_wconf 76' lang='lat' dir='ltr'><strong>iti-iii.</strong></span> <span class='ocrx_word' id='word_1_251' title='bbox 785 3365 882 3413; x_wconf 80' lang='lat' dir='ltr'><strong>Niriari</strong></span> <span class='ocrx_word' id='word_1_252' title='bbox 895 3375 1002 3427; x_wconf 78' lang='lat' dir='ltr'><strong>quoque</strong></span> <span class='ocrx_word' id='word_1_253' title='bbox 1012 3369 1144 3426; x_wconf 77' lang='lat' dir='ltr'><strong>ureretur,</strong></span> <span class='ocrx_word' id='word_1_254' title='bbox 1154 3369 1256 3416; x_wconf 72' lang='lat' dir='ltr'><strong>tanim</strong></span> <span class='ocrx_word' id='word_1_255' title='bbox 1265 3369 1331 3416; x_wconf 80' lang='lat' dir='ltr'><strong>inde</strong></span> 
     </span>
     <span class='ocr_line' id='line_1_34' title="bbox 323 3429 1330 3497; baseline -0.002 -13"><span class='ocrx_word' id='word_1_256' title='bbox 323 3436 357 3484; x_wconf 86' lang='lat' dir='ltr'><strong>ah</strong></span> <span class='ocrx_word' id='word_1_257' title='bbox 371 3435 564 3497; x_wconf 80' lang='lat' dir='ltr'><strong>antiquissimo</strong></span> <span class='ocrx_word' id='word_1_258' title='bbox 577 3434 700 3493; x_wconf 82' lang='lat' dir='ltr'><strong>tempure</strong></span> <span class='ocrx_word' id='word_1_259' title='bbox 713 3435 795 3483; x_wconf 86' lang='lat' dir='ltr'><strong>etlam</strong></span> <span class='ocrx_word' id='word_1_260' title='bbox 812 3437 840 3484; x_wconf 87' lang='lat' dir='ltr'><strong>lu</strong></span> <span class='ocrx_word' id='word_1_261' title='bbox 851 3433 977 3484; x_wconf 80' lang='lat' dir='ltr'><strong>Ecclesia</strong></span> <span class='ocrx_word' id='word_1_262' title='bbox 996 3435 1115 3484; x_wconf 80' lang='lat' dir='ltr'><strong>hemana</strong></span> <span class='ocrx_word' id='word_1_263' title='bbox 1134 3435 1221 3484; x_wconf 80' lang='lat' dir='ltr'><strong>luisse</strong></span> <span class='ocrx_word' id='word_1_264' title='bbox 1233 3429 1330 3495; x_wconf 65' lang='lat'><em>8005-</em></span> 
     </span>
     <span class='ocr_line' id='line_1_35' title="bbox 325 3503 1331 3568; baseline -0.001 -13"><span class='ocrx_word' id='word_1_265' title='bbox 325 3508 415 3568; x_wconf 88' lang='lat' dir='ltr'><strong>priani</strong></span> <span class='ocrx_word' id='word_1_266' title='bbox 441 3505 692 3563; x_wconf 80' lang='lat' dir='ltr'><strong>existimationem,</strong></span> <span class='ocrx_word' id='word_1_267' title='bbox 726 3508 758 3553; x_wconf 87' lang='lat' dir='ltr'><strong>ut</strong></span> <span class='ocrx_word' id='word_1_268' title='bbox 783 3507 870 3566; x_wconf 83' lang='lat' dir='ltr'><strong>ipsius</strong></span> <span class='ocrx_word' id='word_1_269' title='bbox 899 3517 998 3554; x_wconf 84' lang='lat' dir='ltr'><strong>numen</strong></span> <span class='ocrx_word' id='word_1_270' title='bbox 1024 3509 1105 3554; x_wconf 85' lang='lat' dir='ltr'><strong>ctiam</strong></span> <span class='ocrx_word' id='word_1_271' title='bbox 1135 3506 1162 3553; x_wconf 87' lang='lat' dir='ltr'><strong>in</strong></span> <span class='ocrx_word' id='word_1_272' title='bbox 1191 3503 1331 3554; x_wconf 62' lang='lat' dir='ltr'><strong>&amp;nouem</strong></span> 
     </span>
     <span class='ocr_line' id='line_1_36' title="bbox 325 3567 1331 3636; baseline -0.002 -10"><span class='ocrx_word' id='word_1_273' title='bbox 325 3578 444 3636; x_wconf 77' lang='lat' dir='ltr'><strong>Musae,</strong></span> <span class='ocrx_word' id='word_1_274' title='bbox 471 3577 545 3623; x_wconf 88' lang='lat' dir='ltr'><strong>iuter·</strong></span> <span class='ocrx_word' id='word_1_275' title='bbox 568 3567 623 3623; x_wconf 83' lang='lat' dir='ltr'><strong>SS.</strong></span> <span class='ocrx_word' id='word_1_276' title='bbox 643 3577 778 3636; x_wconf 79' lang='lat' dir='ltr'><strong>mysiacis</strong></span> <span class='ocrx_word' id='word_1_277' title='bbox 803 3586 864 3624; x_wconf 88' lang='lat' dir='ltr'><strong>cum</strong></span> <span class='ocrx_word' id='word_1_278' title='bbox 887 3569 999 3625; x_wconf 82' lang='lat' dir='ltr'><strong>Sanctis</strong></span> <span class='ocrx_word' id='word_1_279' title='bbox 1016 3573 1155 3636; x_wconf 78' lang='lat' dir='ltr'><strong>apostulis</strong></span> <span class='ocrx_word' id='word_1_280' title='bbox 1180 3576 1331 3636; x_wconf 75' lang='lat' dir='ltr'><strong>paucisque</strong></span> 
     </span>
     <span class='ocr_line' id='line_1_37' title="bbox 325 3643 1331 3707; baseline -0.001 -12"><span class='ocrx_word' id='word_1_281' title='bbox 325 3645 390 3695; x_wconf 85' lang='lat' dir='ltr'><strong>allis</strong></span> <span class='ocrx_word' id='word_1_282' title='bbox 409 3646 599 3704; x_wconf 74' lang='lat' dir='ltr'><strong>costumiam,</strong></span> <span class='ocrx_word' id='word_1_283' title='bbox 626 3645 712 3692; x_wconf 85' lang='lat' dir='ltr'><strong>hierii</strong></span> <span class='ocrx_word' id='word_1_284' title='bbox 730 3643 866 3707; x_wconf 86' lang='lat' dir='ltr'><strong>relatum,</strong></span> <span class='ocrx_word' id='word_1_285' title='bbox 884 3649 915 3695; x_wconf 88' lang='lat' dir='ltr'><strong>ct</strong></span> <span class='ocrx_word' id='word_1_286' title='bbox 933 3646 1036 3707; x_wconf 85' lang='lat' dir='ltr'><strong>ubique</strong></span> <span class='ocrx_word' id='word_1_287' title='bbox 1053 3649 1186 3693; x_wconf 85' lang='lat' dir='ltr'><strong>terrarum</strong></span> <span class='ocrx_word' id='word_1_288' title='bbox 1205 3647 1250 3705; x_wconf 85' lang='lat' dir='ltr'><strong>pia</strong></span> <span class='ocrx_word' id='word_1_289' title='bbox 1268 3657 1331 3694; x_wconf 86' lang='lat' dir='ltr'><strong>ure-</strong></span> 
     </span>
     <span class='ocr_line' id='line_1_38' title="bbox 324 3714 715 3777; baseline -0.01 -12"><span class='ocrx_word' id='word_1_290' title='bbox 324 3718 410 3765; x_wconf 84' lang='lat' dir='ltr'><strong>nmria</strong></span> <span class='ocrx_word' id='word_1_291' title='bbox 429 3716 551 3777; x_wconf 80' lang='lat' dir='ltr'><strong>quetidie</strong></span> <span class='ocrx_word' id='word_1_292' title='bbox 569 3714 715 3762; x_wconf 75' lang='lat' dir='ltr'><strong>recolatur.</strong></span> 
     </span>
    </p>

    <p class='ocr_par' dir='ltr' id='par_1_10' title="bbox 256 3777 1330 4340">
     <span class='ocr_line' id='line_1_39' title="bbox 256 3777 1330 3846; baseline 0 -12"><span class='ocrx_word' id='word_1_293' title='bbox 256 3781 304 3842; x_wconf 79' lang='lat' dir='ltr'><strong>**t</strong></span> <span class='ocrx_word' id='word_1_294' title='bbox 324 3785 465 3846; x_wconf 79' lang='lat' dir='ltr'><strong>Epistulae</strong></span> <span class='ocrx_word' id='word_1_295' title='bbox 490 3777 521 3831; x_wconf 83' lang='lat' dir='ltr'><strong>S.</strong></span> <span class='ocrx_word' id='word_1_296' title='bbox 546 3783 679 3844; x_wconf 77' lang='lat' dir='ltr'><strong>cypriani</strong></span> <span class='ocrx_word' id='word_1_297' title='bbox 707 3783 777 3841; x_wconf 82' lang='lat' dir='ltr'><strong>apud</strong></span> <span class='ocrx_word' id='word_1_298' title='bbox 803 3785 893 3834; x_wconf 80' lang='lat' dir='ltr'><strong>varies</strong></span> <span class='ocrx_word' id='word_1_299' title='bbox 917 3787 996 3833; x_wconf 85' lang='lat' dir='ltr'><strong>vario</strong></span> <span class='ocrx_word' id='word_1_300' title='bbox 1017 3783 1114 3833; x_wconf 81' lang='lat' dir='ltr'><strong>ordina</strong></span> <span class='ocrx_word' id='word_1_301' title='bbox 1144 3784 1330 3846; x_wconf 71' lang='lat' dir='ltr'><strong>exhibenturp</strong></span> 
     </span>
     <span class='ocr_line' id='line_1_40' title="bbox 327 3853 1329 3916; baseline 0 -12"><span class='ocrx_word' id='word_1_302' title='bbox 327 3857 393 3904; x_wconf 87' lang='lat' dir='ltr'><strong>oiim</strong></span> <span class='ocrx_word' id='word_1_303' title='bbox 414 3857 441 3903; x_wconf 92' lang='lat' dir='ltr'><strong>lu</strong></span> <span class='ocrx_word' id='word_1_304' title='bbox 462 3857 583 3916; x_wconf 82' lang='lat' dir='ltr'><strong>quinque</strong></span> <span class='ocrx_word' id='word_1_305' title='bbox 604 3853 691 3900; x_wconf 88' lang='lat' dir='ltr'><strong>iihrcs</strong></span> <span class='ocrx_word' id='word_1_306' title='bbox 709 3855 790 3901; x_wconf 83' lang='lat' dir='ltr'><strong>eraut</strong></span> <span class='ocrx_word' id='word_1_307' title='bbox 807 3856 988 3916; x_wconf 77' lang='lat' dir='ltr'><strong>distributaa3</strong></span> <span class='ocrx_word' id='word_1_308' title='bbox 1006 3866 1023 3904; x_wconf 90' lang='lat' dir='ltr'><strong>a</strong></span> <span class='ocrx_word' id='word_1_309' title='bbox 1042 3855 1119 3901; x_wconf 84' lang='lat' dir='ltr'><strong>nohis</strong></span> <span class='ocrx_word' id='word_1_310' title='bbox 1136 3865 1170 3902; x_wconf 86' lang='lat' dir='ltr'><strong>ec</strong></span> <span class='ocrx_word' id='word_1_311' title='bbox 1183 3857 1263 3904; x_wconf 76' lang='lat' dir='ltr'><strong>mitio</strong></span> <span class='ocrx_word' id='word_1_312' title='bbox 1276 3867 1329 3904; x_wconf 85' lang='lat' dir='ltr'><strong>uu-</strong></span> 
     </span>
     <span class='ocr_line' id='line_1_41' title="bbox 325 3922 1330 3986; baseline -0.001 -12"><span class='ocrx_word' id='word_1_313' title='bbox 325 3928 481 3985; x_wconf 80' lang='lat' dir='ltr'><strong>merautur,</strong></span> <span class='ocrx_word' id='word_1_314' title='bbox 502 3935 555 3985; x_wconf 87' lang='lat' dir='ltr'><strong>qua</strong></span> <span class='ocrx_word' id='word_1_315' title='bbox 575 3923 661 3971; x_wconf 83' lang='lat' dir='ltr'><strong>editio</strong></span> <span class='ocrx_word' id='word_1_316' title='bbox 678 3922 805 3971; x_wconf 77' lang='lat' dir='ltr'><strong>Maurius</strong></span> <span class='ocrx_word' id='word_1_317' title='bbox 822 3935 870 3973; x_wconf 86' lang='lat' dir='ltr'><strong>eus</strong></span> <span class='ocrx_word' id='word_1_318' title='bbox 887 3925 1010 3974; x_wconf 82' lang='lat' dir='ltr'><strong>exhihet.</strong></span> <span class='ocrx_word' id='word_1_319' title='bbox 1047 3947 1062 3957; x_wconf 94' lang='lat'><em>-</em></span> <span class='ocrx_word' id='word_1_320' title='bbox 1095 3925 1165 3974; x_wconf 79' lang='lat' dir='ltr'><strong>&#39;l&#39;res</strong></span> <span class='ocrx_word' id='word_1_321' title='bbox 1184 3927 1330 3986; x_wconf 78' lang='lat' dir='ltr'><strong>epistulas,</strong></span> 
     </span>
     <span class='ocr_line' id='line_1_42' title="bbox 326 3989 1330 4060; baseline -0.001 -17"><span class='ocrx_word' id='word_1_322' title='bbox 326 4005 395 4056; x_wconf 81' lang='lat' dir='ltr'><strong>quae</strong></span> <span class='ocrx_word' id='word_1_323' title='bbox 415 3996 443 4042; x_wconf 86' lang='lat' dir='ltr'><strong>ia</strong></span> <span class='ocrx_word' id='word_1_324' title='bbox 462 3994 587 4042; x_wconf 78' lang='lat' dir='ltr'><strong>editione</strong></span> <span class='ocrx_word' id='word_1_325' title='bbox 605 4003 665 4040; x_wconf 87' lang='lat' dir='ltr'><strong>mox</strong></span> <span class='ocrx_word' id='word_1_326' title='bbox 685 3993 797 4042; x_wconf 74' lang='lat' dir='ltr'><strong>laudula</strong></span> <span class='ocrx_word' id='word_1_327' title='bbox 817 3999 875 4056; x_wconf 85' lang='lat' dir='ltr'><strong>pusi</strong></span> <span class='ocrx_word' id='word_1_328' title='bbox 892 3995 1033 4057; x_wconf 85' lang='lat' dir='ltr'><strong>epistulam</strong></span> <span class='ocrx_word' id='word_1_329' title='bbox 1053 3991 1097 4045; x_wconf 82' lang='grc'><strong>83.</strong></span> <span class='ocrx_word' id='word_1_330' title='bbox 1123 3989 1330 4060; x_wconf 74' lang='lat' dir='ltr'><strong>subjunguntur</strong></span> 
     </span>
     <span class='ocr_line' id='line_1_43' title="bbox 324 4061 1330 4127; baseline -0.002 -12"><span class='ocrx_word' id='word_1_331' title='bbox 324 4076 379 4115; x_wconf 89' lang='lat' dir='ltr'><strong>uua</strong></span> <span class='ocrx_word' id='word_1_332' title='bbox 397 4063 520 4113; x_wconf 78' lang='lat' dir='ltr'><strong>cornelii</strong></span> <span class='ocrx_word' id='word_1_333' title='bbox 540 4063 570 4111; x_wconf 78' lang='grc' dir='ltr'><strong>Ρ.</strong></span> <span class='ocrx_word' id='word_1_334' title='bbox 589 4066 622 4112; x_wconf 84' lang='lat' dir='ltr'><strong>ait</strong></span> <span class='ocrx_word' id='word_1_335' title='bbox 642 4061 822 4124; x_wconf 71' lang='lat' dir='ltr'><strong>Cypriacam,</strong></span> <span class='ocrx_word' id='word_1_336' title='bbox 842 4065 1071 4127; x_wconf 78' lang='lat' dir='ltr'><strong>iirerucypriuni</strong></span> <span class='ocrx_word' id='word_1_337' title='bbox 1090 4066 1123 4114; x_wconf 82' lang='lat' dir='ltr'><strong>ad</strong></span> <span class='ocrx_word' id='word_1_338' title='bbox 1143 4065 1251 4126; x_wconf 78' lang='lat' dir='ltr'><strong>plebem</strong></span> <span class='ocrx_word' id='word_1_339' title='bbox 1260 4065 1330 4113; x_wconf 77' lang='lat' dir='ltr'><strong>(lur-</strong></span> 
     </span>
     <span class='ocr_line' id='line_1_44' title="bbox 323 4131 1328 4200; baseline 0 -16"><span class='ocrx_word' id='word_1_340' title='bbox 323 4139 530 4200; x_wconf 82' lang='lat' dir='ltr'><strong>thagiusnrcrn,</strong></span> <span class='ocrx_word' id='word_1_341' title='bbox 550 4137 632 4184; x_wconf 86' lang='lat' dir='ltr'><strong>teriia</strong></span> <span class='ocrx_word' id='word_1_342' title='bbox 650 4131 783 4195; x_wconf 75' lang='lat' dir='ltr'><strong>Cypriani</strong></span> <span class='ocrx_word' id='word_1_343' title='bbox 801 4137 834 4184; x_wconf 81' lang='lat' dir='ltr'><strong>aii</strong></span> <span class='ocrx_word' id='word_1_344' title='bbox 853 4136 997 4186; x_wconf 76' lang='lat' dir='ltr'><strong>numium</strong></span> <span class='ocrx_word' id='word_1_345' title='bbox 1016 4137 1229 4198; x_wconf 72' lang='lat' dir='ltr'><strong>presbyterum,</strong></span> <span class='ocrx_word' id='word_1_346' title='bbox 1257 4141 1328 4184; x_wconf 63' lang='lat' dir='ltr'><strong>tam</strong></span> 
     </span>
     <span class='ocr_line' id='line_1_45' title="bbox 322 4199 1330 4270; baseline -0.002 -14"><span class='ocrx_word' id='word_1_347' title='bbox 322 4219 399 4270; x_wconf 84' lang='lat' dir='ltr'><strong>quanr</strong></span> <span class='ocrx_word' id='word_1_348' title='bbox 418 4206 528 4265; x_wconf 82' lang='lat' dir='ltr'><strong>spurias</strong></span> <span class='ocrx_word' id='word_1_349' title='bbox 547 4200 820 4267; x_wconf 71' lang='lat' dir='ltr'><strong>coherciturum,</strong></span> <span class='ocrx_word' id='word_1_350' title='bbox 844 4205 883 4254; x_wconf 79' lang='lat' dir='ltr'><strong>ci.</strong></span> <span class='ocrx_word' id='word_1_351' title='bbox 903 4205 986 4254; x_wconf 74' lang='lat' dir='ltr'><strong>Pruri-</strong></span> <span class='ocrx_word' id='word_1_352' title='bbox 1006 4206 1114 4256; x_wconf 77' lang='lat' dir='ltr'><strong>hiaruui</strong></span> <span class='ocrx_word' id='word_1_353' title='bbox 1135 4207 1200 4256; x_wconf 86' lang='lat' dir='ltr'><strong>viia</strong></span> <span class='ocrx_word' id='word_1_354' title='bbox 1218 4199 1249 4255; x_wconf 80' lang='lat' dir='ltr'><strong>S.</strong></span> <span class='ocrx_word' id='word_1_355' title='bbox 1269 4203 1330 4267; x_wconf 72' lang='lat'><strong>(⁸5-</strong></span> 
     </span>
     <span class='ocr_line' id='line_1_46' title="bbox 321 4274 593 4340; baseline -0.022 -11"><span class='ocrx_word' id='word_1_356' title='bbox 321 4280 409 4340; x_wconf 85' lang='lat' dir='ltr'><strong>priuui</strong></span> <span class='ocrx_word' id='word_1_357' title='bbox 429 4288 458 4326; x_wconf 83' lang='lat' dir='ltr'><strong>n·</strong></span> <span class='ocrx_word' id='word_1_358' title='bbox 476 4274 593 4326; x_wconf 74' lang='lat' dir='ltr'><strong>XXXV.</strong></span> 
     </span>
    </p>
   </div>
   <div class='ocr_carea' id='block_1_10' title="bbox 0 0 1478 4662">
    <p class='ocr_par' dir='ltr' id='par_1_11' title="bbox 0 0 1478 4662">
     <span class='ocr_line' id='line_1_47' title="bbox 0 0 1478 4662; baseline 0 2"><span class='ocrx_word' id='word_1_359' title='bbox 0 0 1478 4662; x_wconf 95' lang='lat' dir='ltr'><strong> </strong></span> 
     </span>
    </p>
   </div>
  </div>
 </body>
</html>
