2866 4652
1206 305 1268 367 ru.
1348 291 1352 300 “

131 476 244 535 ctores
275 484 342 532 non
372 464 536 563 inspirati.
557 461 611 554 ll)
670 465 715 532 lli
737 467 940 552 posteriores
967 466 1162 554 simpliciter
1184 489 1246 535 vo-

131 553 202 619 cari
224 552 341 619 solent
362 547 554 636 Scriptores
576 548 800 618 ecclesiastici
820 570 922 618 sensu
943 550 1064 618 latiori.
1112 552 1247 620 Vocan-

129 646 185 704 tur·
206 655 294 724 ergo
319 635 508 717 Scriptores
525 657 580 698 terr
604 637 761 699 Arrctorer
782 635 996 700 ecclesiastici
1015 659 1107 700 serron
1128 639 1248 702 tutiori

130 720 197 786 viri
221 720 376 785 doctrina
397 717 580 804 conspicui,
605 719 715 804 quiin
738 719 965 786 communione
976 719 1154 788 Ecclesiae
1177 721 1246 788 Ca-

132 805 281 872 tholicae
302 803 359 868 vel
381 801 426 868 ali
450 801 574 868 uandiu
601 803 659 870 vel
682 803 813 870 omuino
835 803 878 868 ad
902 803 999 870 tinem
1022 824 1127 891 usque
1155 807 1248 873 vitae

158 893 399 986 erseverunres
421 823 463 953 ge
484 887 585 984 rebus
606 885 654 986 aul
673 887 769 955 tidem
790 907 943 986 moresve
965 894 1023 955 out
1038 888 1248 976 disciplinam

101 1000 111 1012 =
208 973 314 1040 lesrae
335 971 568 1056 spectantibus
587 979 714 1057 scripta
734 974 950 1070 reliquerunt.
972 973 1065 1039 later
1078 973 1139 1041 hos
1154 995 1250 1061 porro

139 1059 197 1126 tilii
218 1056 414 1141 simpliciter
436 1057 568 1120 Parrum
588 1058 720 1122 nomine
742 1062 893 1137 veniunt,
914 1057 972 1122 alii
985 1057 1162 1122 Doctorum
1184 1059 1266 1124 Ec·¹

137 1144 258 1207 clerice
286 1140 381 1206 tituto
411 1139 622 1206 honorantur.
674 1141 758 1208 Tum
780 1159 862 1207 vero
886 1141 1073 1225 Scriptores
1097 1145 1252 1207 ecclerr'rr-

135 1227 217 1292 rtr‘ci
236 1225 504 1290 raunrtrictr'ori
516 1230 681 1292 vocantur
702 1244 818 1291 omnes
838 1225 889 1290 illi
911 1225 974 1292 viri
995 1224 1149 1293 doctrina
1169 1247 1252 1295 coo·

137 1308 715 1462 stertirlsnrlttltlt
734 1309 1252 1464 ttullt‘tnltltttill

137 1488 307 1557 strarant,
333 1478 517 1544 doctrinam
543 1477 675 1545 scilicet
703 1477 782 1546 tidei
812 1484 869 1544 aut
897 1417 1038 1561 morrfm,
1066 1482 1142 1546 sire
1174 1483 1252 1563 alia,

140 1583 230 1651 quae
251 1563 294 1630 ad
307 1561 496 1630 Ecclesiam
519 1582 714 1650 quocunque
736 1563 832 1629 morlo
854 1569 1020 1649 spectant,
1042 1572 1254 1650 pertractan-

140 1655 207 1715 tes.
239 1651 268 1714 Α
291 1646 521 1732 scriptoribus
542 1666 624 1714 vero
645 1647 889 1716 ecclesiasticis
911 1649 1015 1735 probe
1036 1650 1170 1717 secerni
1193 1650 1255 1718 de-

141 1733 226 1799 bent
250 1735 434 1816 Scriptores
459 1732 658 1806 Christiani,
686 1752 750 1817 quo
773 1733 923 1813 nomine,
943 1753 1035 1796 rerrru
1056 1733 1174 1796 tutiori
1195 1753 1257 1800 ac-

145 1823 256 1900 cepto,
276 1834 389 1882 omnes
410 1815 467 1882 isti
489 1822 645 1883 auctores
666 1815 913 1915 intelliguntur,
935 1815 992 1900 qui
1013 1815 1144 1882 nomine
1158 1815 1258 1883 Chri-

141 1902 255 1968 stiano
282 1899 459 1990 insigniti,
488 1900 564 1966 sive
590 1899 635 1967 ad
662 1899 853 1967 Ecclesiam
875 1897 1082 1966 Catholicoru
1106 1903 1257 1987 pertine-

142 1993 242 2067 rent,
274 1985 349 2053 siue
382 1983 426 2051 ad
459 1991 588 2051 sectam
618 2002 846 2073 quamcunque
879 1983 1097 2066 haereticam,
1114 2003 1116 2008 ’
1131 1987 1257 2074 scripta

141 2069 321 2159 quaedam,
342 2068 552 2168 potissimum
574 2068 618 2136 erl
640 2069 839 2159 religionem
852 2067 1075 2137 Christianam
1095 2077 1256 2157 spectan-

142 2158 205 2234 tia,
251 2161 374 2221 ostens
394 2152 610 2251 reliquerunt.
646 2156 747 2219 Serra
768 2159 878 2221 antem
899 2155 1065 2218 alacriori
1084 2155 1108 2220 ii
1129 2161 1256 2223 tantum

144 2176 397 2326 intelliguntur,
443 2258 476 2302 ur
498 2238 541 2303 ab
562 2237 740 2304 Ecclesiae
762 2237 990 2305 communione
1011 2240 1171 2322 sejuncti,
1201 2246 1257 2306 at-

141 2329 255 2390 tamen
278 2319 389 2420 adbuc
410 2254 608 2402 ghristiani,
630 2322 794 2420 ejusmodi
815 2324 943 2410 scripta
964 2320 1179 2420 reliqpernnt,
1202 2343 1257 2389 er.

146 2429 200 2494 gr.
236 2407 457 2473 Novatranus.
522 2405 575 2474 Ile
610 2403 839 2493 Scnptoribus
870 2405 1115 2472 ecclesiasticus
1154 2425 1259 2480 sensu

148 2490 334 2567 strictiori,
378 2507 538 2557 necnon
574 2491 618 2557 de
652 2489 878 2576 scriptoribus
914 2486 1118 2554 Christianis
1154 2506 1258 2554 sensu

146 2573 459 2726 lstricstisoripsumltps,
479 2574 678 2660 Patrologia
700 2574 832 2661 proprie
854 2590 920 2638 non
942 2571 1027 2659 agit,
1050 2570 1112 2638 sed
1136 2569 1179 2638 de
1201 2591 1259 2637 so-

159 2659 192 2726 r's
275 2705 284 2724 .
335 2658 398 2726 atri
421 2679 471 2725 ns.

641 2839 677 2930 S.
710 2855 759 2921 ιο.

569 2995 689 3060 Sancti
713 2994 837 3060 Putrer.

236 3164 299 3231 llic
327 3169 399 3249 jam
433 3162 641 3239 ridendum,
687 3163 820 3250 quinum
858 3163 1089 3252 intelligantur
1126 3163 1259 3227 nornine
1331 3247 1332 3250 Ἴ

151 3245 347 3316 Sanctorum
372 3249 524 3328 Petrum,
546 3257 581 3316 et
603 3249 722 3333 onibus
743 3249 832 3313 notis
855 3244 1095 3331 dignoscuntur
1117 3247 1159 3318 ab
1182 3246 1259 3311 aliis

151 3329 379 3419 Scriptoribus
409 3333 662 3401 ecclesiasticis.
720 3332 820 3396 Pater
850 3330 1036 3419 generatim
1058 3335 1196 3395 vocatur
1219 3334 1261 3409 is,

173 3417 207 3482 ui
229 3417 329 3484 alium
353 3419 483 3506 genuit,
505 3439 525 3486 a
548 3438 612 3505 quo
631 3418 697 3484 iste
723 3417 811 3482 alter
832 3415 950 3494 babet,
971 3420 1007 3480 ut
1029 3413 1075 3478 sit
1096 3419 1130 3478 et
1152 3413 1257 3479 vivat.

149 3435 284 3587 Buplex
306 3512 417 3568 autem
446 3510 502 3568 est
528 3505 600 3568 vita
629 3504 661 3582 in
690 3499 838 3582 bomine,
870 3500 941 3567 vita
968 3496 1137 3585 corporis,
1172 3517 1260 3584 quae

148 3587 219 3651 sita
253 3591 310 3652 cst
344 3587 376 3651 in
412 3587 645 3672 conjunctione
679 3586 828 3671 corporis
858 3604 928 3652 cum
962 3583 1071 3648 anima
1102 3589 1259 3681 tanquam

146 3669 314 3755 principio
342 3670 546 3753 sublimiori,
577 3676 613 3738 et
639 3671 712 3737 vita
741 3671 893 3751 animae,
928 3685 1015 3754 quae
1043 3665 1195 3735 consistit
1224 3669 1259 3734 in

149 3755 384 3838 conjunctione
404 3757 536 3822 animae
558 3775 630 3822 com
653 3753 680 3822 S
705 3753 780 3820 iritu
802 3751 866 3820 Dei
888 3771 949 3837 per
970 3752 1132 3841 gratiam,
1162 3772 1259 3838 quam

149 3857 309 3907 vocamus
331 3840 605 3908 sanctificantem.
629 3773 710 3932 ἢ
765 3837 867 3904 Prout
893 3838 1008 3924 itaque
1037 3838 1109 3904 ritu
1135 3836 1261 3922 duplex

151 4009 363 4025 ψ

205 4120 235 4184 ⁴)
251 4125 280 4176 a.
300 4127 476 4188 Athanasius
493 4119 536 4185 tt)
553 4129 688 4192 synopsis
705 4127 735 4177 Β.
754 4125 915 4189 scripturae
933 4135 962 4172 n.
981 4120 1010 4174 t.

185 4215 231 4282 ”J
249 4223 296 4277 ct.
317 4226 349 4274 a.
368 4225 445 4276 treu'.
463 4227 528 4276 aar.
546 4227 623 4277 haer.
643 4229 664 4275 Ι.
681 4225 718 4278 V.
738 4235 764 4275 c·
782 4223 811 4276 6.
829 4235 858 4274 a.
880 4219 907 4274 1.
926 4233 951 4270 c.
971 4217 1017 4346 902
1025 4231 1055 4333 n⁴¹¹
1073 4212 1102 4263 t.
1127 4214 1156 4258 et
1173 4209 1261 4258 mom.
