2866 4652
192 297 229 374 X

192 505 256 560 res
283 483 478 582 aliquando
508 483 639 560 fusiori
663 483 885 560 tractatione
912 479 1134 581 indigerent
1163 479 1303 558 'Ouli-
1425 508 1426 562 t

193 631 275 684 nem
299 633 383 712 enm
411 618 566 686 secutus
590 635 684 703 sum,
711 606 910 707 nt'quoad
937 607 1017 684 lieri
1043 608 1160 701 licuit,
1183 619 1304 684 mate·

192 737 272 810 riae
298 735 407 810 simul
441 744 480 811 et
506 737 686 837 temporis
713 737 857 810 ratione
892 733 1014 808 habita
1048 735 1192 832 magnis
1220 733 1304 810 Ec·

195 859 337 936 elesiae
373 861 546 936 Patribus
579 883 625 936 ac
661 861 871 962 praecipuis
903 858 1130 934 Ductoribus
1161 859 1304 934 Patres

196 985 358 1060 minores
385 992 494 1085 atque
511 986 728 1087 Scriptores
755 987 874 1083 magis
899 986 1122 1085 conspicuos
1147 1007 1216 1084 pro
1235 1007 1306 1060 eo·

192 1126 270 1186 rum¹
298 1113 480 1209 gravitate
507 1133 553 1186 ac
579 1108 859 1186 necessitudine
893 1109 1172 1210 subjungerem.
1228 1107 1305 1200 Qui

178 1221 313 1310 'simile
339 1245 590 1335 argumentum
619 1234 750 1311 eodem
779 1235 896 1311 ferme
922 1243 1087 1336 tempore
1113 1237 1306 1337 prosesuti

193 1367 296 1452 sunt,
324 1385 396 1438 uuo
424 1359 557 1461 Capite
578 1363 707 1462 junxi,
734 1361 967 1461 singulisque
994 1356 1187 1462 Capitibus
1217 1360 1307 1436 bre·

193 1506 277 1558 vem
305 1501 544 1588 conspectum
571 1491 760 1592 praemisi,
787 1496 843 1580 nt,
871 1488 906 1560 in
934 1477 1005 1584 ouo
1033 1488 1187 1560 maxime
1216 1485 1307 1561 illo-

193 1633 270 1682 rum
304 1615 445 1714 scripta
482 1625 700 1709 versentur,
736 1615 858 1691 statim
894 1611 940 1685 ab
976 1611 1077 1685 initio
1114 1621 1304 1711 appareat.

196 1730 413 1837 Scriptores
440 1739 751 1833 Ecclesiasticus,
778 1740 837 1838 qui
871 1739 906 1810 in
935 1736 1094 1812 classem
1122 1734 1199 1813 SS.
1228 1737 1306 1810 Pa·

195 1865 290 1948 trum
317 1863 450 1938 referri
478 1864 576 1942 band
602 1873 783 1968 poterant,
810 1862 1022 1964 plerumque
1041 1863 1075 1934 in
1099 1860 1208 1936 calce
1227 1863 1308 1936 sin·

194 1983 361 2079 gulorum
389 1985 556 2090 Cupitum
584 1990 755 2090 adjunxi,
782 2010 1052 2083 nonnunquam,
1089 1985 1148 2059 ubi
1176 1991 1305 2062 series

175 2105 372 2185 ,historica
400 2112 437 2186 id
464 2114 653 2215 postulare
681 2113 893 2202 videbatur,
924 2109 1094 2184 Patribus
1120 2111 1307 2186 immiscui

192 2240 255 2306 aut
281 2239 472 2333 praemisi,
501 2241 613 2314 vitam
641 2261 764 2314 eorum
793 2246 832 2312 et
860 2237 1000 2336 scripta
1033 2236 1163 2335 paucis
1202 2255 1307 2310 sem-

193 2379 262 2456 per
288 2360 452 2456 absolvi,
494 2363 686 2441 doctrinae
719 2365 922 2465 specimina
954 2383 1130 2459 nunquam
1165 2357 1305 2458 adjeci.

193 2477 344 2586 Scopus
377 2491 513 2565 etenim
547 2489 762 2592 principalis
800 2489 887 2581 luit,
921 2485 1066 2562 Patren
1098 2483 1306 2562 Ecclesiae

192 2632 421 2709 proponere,
472 2615 718 2692 secundarius
773 2624 930 2699 tantum,
979 2635 1049 2686 eos
1093 2610 1306 2708 adjungere

194 2729 421 2833 Scriptores,
449 2740 522 2834 qui,
547 2739 639 2812 licet
664 2736 710 2812 ad
731 2732 1032 2834 cognoscendam
1046 2731 1305 2810 'Proditionem

194 2879 264 2928 rrou
293 2860 368 2934 sint
397 2868 518 2936 testes
552 2864 647 2936 omni
680 2858 754 2935 lide
786 2859 907 2958 digni,
944 2857 1076 2934 saltem
1111 2881 1162 2932 ex
1197 2869 1305 2959 parte

194 2985 356 3058 notitiam
386 2984 577 3060 doctrinae
604 2986 890 3061 ecclesiasticae
916 2986 1180 3060 accuratiorem
1214 2985 1325 3060 sub·-

194 3108 400 3186 ministrare
427 3117 606 3211 poteraut.
659 3110 877 3187 Excludere
904 3109 1016 3200 uolui,
1044 3112 1104 3209 qui
1120 3108 1304 3210 prodesse

194 3240 381 3332 poterant,
415 3237 488 3310 etsi
523 3238 691 3338 principii
725 3240 904 3338 propositi
938 3242 1204 3333 consequentia
1237 3237 1305 3311 iis-

194 3355 278 3434 dem
305 3361 338 3432 irr
355 3361 572 3461 Patrologia
595 3365 715 3438 stricti
741 3363 897 3438 uoruiois
925 3361 1043 3437 locum
1072 3383 1211 3458 negare
1238 3359 1303 3434 de-
1427 3433 1428 3450 ,

193 3482 349 3561 buisset.
401 3487 548 3562 Tabula
572 3486 724 3589 adjecta
739 3485 815 3564 SS.
832 3488 967 3564 Patres
993 3512 1016 3562 a
1041 3488 1153 3562 meris
1171 3484 1304 3585 Scrip-

195 3609 335 3686 toribus
364 3623 550 3688 secernet

297 3736 444 3835 Agonen
474 3736 548 3814 SS.
577 3735 744 3832 Patrem
778 3761 872 3837 quos
898 3761 944 3814 ea
970 3740 1112 3814 ratione
1140 3746 1302 3838 pertrac-

194 3858 327 3935 tandos
354 3865 480 3956 aurosi,
509 3862 648 3940 claudit
667 3864 709 3942 S.
730 3865 938 3962 Gregorius
959 3864 1011 3940 Μ.
1040 3861 1095 3960 (†
1121 3887 1153 3936 a
1180 3857 1301 3952 604),

194 3985 230 4056 ίιι
258 4009 330 4084 quc
357 3990 548 4064 terminum
573 3989 686 4090 hujus
713 3989 846 4091 Operis
872 3990 999 4090 posui,
1031 3992 1139 4086 cujus
1165 3981 1301 4057 rideli-

195 4119 256 4186 cet
290 4133 428 4214 scopus
463 4116 654 4215 primarius
690 4123 788 4209 erat,
824 4114 932 4188 iidem
958 4112 1161 4188 Ecclesiae
1187 4105 1301 4185 tradi-

195 4242 267 4310 tam
294 4235 480 4316 illustrare
507 4248 545 4316 et
573 4240 808 4334 confirmare,
835 4245 941 4339 quem
968 4240 1005 4314 in
1031 4235 1138 4314 finern
1165 4235 1302 4333 scripta
