2880 4660
226 354 287 420 198

224 520 490 597 cerimoniarum,
522 517 640 604 quibus
669 525 862 581 mortuoram
900 533 1039 594 cnrprnra
1067 515 1329 597 sepeliebantur,

227 606 480 690 descriptionem
508 602 813 686 expositionemque
848 608 883 666 ct
914 601 1056 664 eutlinde
1085 598 1128 665 de
1158 599 1329 664 insontium

227 691 426 777 baptismale
447 689 593 754 disserit.

312 818 350 882 lu
375 817 459 881 libro
481 801 528 876 de
552 801 696 876 diuinis
722 795 933 872 nntoirtibtts
956 811 1105 892 nomina,
1128 831 1213 898 qrrae
1237 813 1331 878 [lorus

227 903 260 967 in
288 900 326 968 S.
348 899 525 988 Scriptura
552 899 617 966 sihi
649 899 777 977 tribuit,
804 905 839 962 et
875 918 935 981 per
963 916 1047 981 quiue
1075 896 1119 962 ud
1147 897 1330 964 divinarunt

229 985 463 1072 perfectionum
487 987 709 1074 coguitionem
733 982 919 1060 evehimur,
944 979 1088 1069 egregie
1110 983 1331 1066 explicentur.

312 1116 351 1180 lu
374 1116 457 1180 lihro
478 1100 525 1172 tle
554 1097 756 1195 'I’lrenlopio
782 1101 940 1192 rapollen
958 1109 1060 1174 Deum
1083 1112 1276 1192 speculatur
1297 1121 1331 1177 ut

231 1205 366 1264 nostrae
389 1200 589 1282 cognitionis
614 1199 782 1282 nostrique
813 1197 934 1260 umoris
964 1196 1141 1276 objectum,
1169 1196 1220 1260 oui
1248 1198 1330 1262 uniri

228 1303 402 1368 possamus
425 1283 456 1344 in
482 1281 544 1346 huuc
568 1283 637 1346 vila
657 1282 776 1345 ultione
805 1282 947 1364 quarttlam
972 1277 1144 1348 ruetirthili,
1173 1288 1207 1343 ot
1235 1280 1331 1346 modo

229 1367 369 1450 qrrodam
392 1366 524 1430 sublimi
547 1365 721 1430 lrrrmaunm
745 1375 875 1450 captum
899 1383 1034 1450 prorsus
1049 1361 1243 1429 excedente.

314 1478 515 1577 Epistolae
536 1493 657 1558 similia
681 1495 751 1558 lere
773 1499 970 1577 argumenta
992 1497 1197 1572 pertractent
1225 1491 1330 1556 inaxi-

228 1596 346 1644 mccx
368 1578 555 1657 Theologiu
578 1578 779 1662 mystica-
803 1578 924 1642 Verium
946 1575 1331 1660 enim‘veroltlonnphy·

227 1663 315 1729 sitae
343 1664 445 1728 lihros
476 1665 551 1729 illos
583 1665 674 1744 primi
706 1662 844 1726 omninum
873 1659 1032 1726 laudasse
1059 1661 1270 1744 reperiuntur
1298 1663 1329 1724 in

229 1745 418 1812 Collationc
439 1746 725 1832 Constantinopoli
749 1743 861 1809 tuebitur
886 1764 917 1809 a.
940 1747 1013 1808 532.
1058 1743 1222 1810 Catholici
1250 1764 1330 1810 vera

227 1829 404 1915 Episcopi,
440 1834 527 1898 inter
556 1849 640 1914 arros
669 1832 804 1896 eminuit
831 1831 1000 1914 Hypatius
1032 1829 1240 1914 Ephesinos,
1276 1831 1332 1913 aui

228 1922 344 1981 eontra
369 1917 445 1980 illas
463 1919 532 1998 Jum
555 1916 738 1988 evicerant,
760 1913 945 1998 complures
967 1914 1063 1986 aulius,
1087 1933 1170 1998 (tuas
1185 1913 1332 1978 Sertorii

227 1996 283 2062 isti
306 1999 531 2065 obtendebant
554 1997 809 2076 lucubrationes,
833 1998 1015 2082 praeclaris
1035 1997 1220 2069 Athanasii,
1242 1993 1333 2060 Gue-

257 2082 316 2146 orii
343 2081 600 2164 'l'huumatorgi,
629 2082 710 2146 Julii
742 2101 869 2166 optoque
899 2095 933 2145 et
960 2081 1083 2147 Felicis
1112 2082 1333 2147 Romanorum

228 2101 418 2230 beatificum
441 2164 624 2230 nominihus
645 2165 838 2264 insignitas,
861 2167 1027 2252 genuinos
1042 2183 1120 2231 esse
1136 2165 1333 2249 Apollinarii

226 2247 388 2316 haeretici
417 2249 540 2329 foetus,
575 2249 651 2315 salsi
680 2247 766 2314 Droa
783 2249 833 2314 *sii
860 2248 997 2335 perinde
1028 2249 1196 2316 volumina
1223 2248 1334 2315 eidem

228 2329 436 2418 Apollinario
456 2351 497 2400 se
519 2333 665 2402 tribuere
685 2269 785 2400 haut?
796 2334 937 2399 obscure
958 2336 1112 2415 inuuunt,
1147 2339 1333 2418 arguentes

226 2417 287 2483 toti
308 2423 398 2484 retro
421 2418 631 2505 antiquitati,
654 2415 693 2485 S.
720 2417 904 2483 Athanasio
927 2423 961 2484 et
982 2417 1021 2483 S.
1036 2417 1160 2502 Cyritla
1183 2417 1334 2484 Alexan-

230 2502 342 2582 drino,
370 2499 482 2588 Opera
511 2503 570 2568 illa
592 2503 699 2574 tuisse
717 2502 908 2588 incognita,
939 2502 1090 2587 adeoque
1110 2502 1240 2587 probari
1268 2519 1333 2566 aon

227 2605 340 2673 posse,
361 2587 420 2652 illa
442 2605 561 2654 reuera
583 2605 663 2654 esse
684 2583 724 2652 S.
747 2585 900 2666 Dionysii
922 2587 1160 2673 Areopagitae.
1204 2585 1332 2650 uadem

227 2679 337 2736 tumen
365 2670 474 2736 adhuc
500 2673 638 2737 saeculo
674 2671 735 2736 vt.
763 2671 914 2744 labente,
945 2672 998 2752 arri
1031 2671 1189 2757 deinceps
1223 2670 1333 2736 secuti

227 2761 306 2818 suut
325 2754 463 2829 Patres,
496 2755 538 2818 ab
561 2758 749 2820 affectatam
772 2757 815 2822 ab
836 2763 972 2822 auctore
993 2753 1165 2820 doctrinae
1188 2774 1228 2820 uc
1249 2773 1334 2819 seu·
1430 2767 1431 2792 ³

226 2856 319 2901 suum
338 2837 572 2904 sublimitatem
593 2840 683 2905 velut
705 2840 835 2904 attoniti
857 2839 988 2903 minime
1003 2839 1192 2904 dubitarunt
1213 2837 1333 2903 eadem

226 2929 391 3003 tamquam
439 2939 576 2987 ermaaa
597 2929 632 2988 el
657 2921 842 2988 orthodoxa
872 2924 1031 3005 recipere.
1076 2923 1151 2988 lion
1180 2923 1333 2988 nimirum

226 3010 293 3069 tam
314 3002 402 3070 Pseu
427 3005 745 3094 o·hreopagiticis,
766 3025 860 3094 quam
884 3008 960 3073 aliis
983 3007 1218 3085 monumentis,
1245 3025 1334 3092 qnae

225 3086 752 3257 sldlhhttllhthilon}
777 3090 1335 3241 llll'lh,lllt'lnllhth

225 3275 298 3322 cum
320 3265 437 3322 esseut
459 3258 594 3324 criticae
616 3260 699 3324 artis
722 3195 891 3340 laboriosi,
915 3195 1001 3324 agna
1022 3258 1087 3324 tide
1109 3223 1335 3330 indulserunt:

225 3341 282 3405 uhi
307 3339 501 3409 Catholicae
535 3343 614 3410 hdei
647 3361 781 3408 oausam
811 3343 878 3408 illis
909 3344 1009 3408 etium
1047 3342 1140 3408 tibris
1172 3343 1335 3408 admissis

223 3430 349 3490 sartam
379 3430 498 3492 tentam
528 3427 598 3494 lore
626 3427 871 3492 intellexerunt.
918 3428 1093 3512 Postquam
1124 3445 1183 3511 per
1214 3426 1333 3492 decem

223 3509 329 3576 terme
350 3512 489 3577 saecula
512 3510 668 3577 librorum
691 3511 819 3576 illorum
840 3511 1013 3577 authentia
1033 3510 1236 3576 inconcusso
1258 3516 1335 3576 ste-

222 3598 322 3671 lerat,
343 3593 377 3668 *l
400 3595 499 3662 Laur.
521 3595 624 3661 Valla
645 3601 680 3662 et
701 3595 863 3662 Erasmus
885 3594 1129 3662 Rotcrodamus
1162 3595 1335 3680 gravissi-

221 3675 284 3740 mis
304 3677 487 3743 ratiouihus
510 3681 680 3746 matteum
702 3685 890 3746 statuerant
917 3679 1133 3759 seutentiam,
1163 3686 1197 3744 ut
1219 3675 1335 3760 Opera

222 3757 349 3842 omnia,
380 3777 452 3826 cum
475 3761 595 3844 libros,
623 3768 690 3828 tum
713 3761 891 3848 epistolas,
913 3761 1075 3848 Dionysio
1099 3763 1335 3852 Areopagitae
1428 3801 1429 3830 r

266 4095 296 4152 t)
315 4099 434 4160 longum
454 4099 560 4148 illorum
579 4101 746 4162 scriptorum
766 4100 986 4166 Cathotlcoruor,
1004 4115 1021 4153 a
1040 4106 1141 4168 pathus
1162 4107 1216 4154 tata
1235 4104 1331 4165 opera

322 4169 387 4216 tude
405 4180 422 4216 a
439 4169 550 4218 saeculo
568 4169 615 4219 Vt.
636 4183 722 4234 usque
740 4174 773 4220 ad
793 4173 868 4222 livi.
889 4187 938 4234 pro
958 4186 1024 4224 vero
1041 4179 1070 4224 et
1086 4177 1248 4236 geaataoa.
1260 4175 1332 4223 [tto-

320 4240 395 4298 oyen
415 4239 602 4297 Areopagitae
619 4240 694 4291 laetu
713 4247 922 4305 acceptarunt,
947 4245 1101 4308 catalogum
1119 4248 1192 4294 textt
1209 4245 1330 4306 Noorry

319 4307 341 4358 l.
361 4319 385 4356 c.
405 4319 463 4370 cap.
483 4305 510 4360 i·
528 4313 569 4371 tp.
592 4309 709 4363 tto-tt
729 4314 995 4376 cesaraugusta.
1016 4327 1042 4375 p.
1062 4311 1215 4371 ssot-db).
