2948 4662
1184 307 1248 376 287

189 463 243 553 2]
268 465 373 534 Porro
394 462 473 550 quid
496 464 542 530 sit
554 462 772 548 santificatio,
800 482 873 532 cum
895 465 1052 534 Ecclesia
1073 468 1249 542 catholica

263 552 313 616 ita
336 551 451 646 docet:
496 549 622 646 „Homo
644 548 840 647 inobediens
863 549 926 646 tuit
945 552 1019 648 ileo
1047 563 1082 620 et
1116 560 1248 642 projec-

264 643 322 701 tus
351 635 394 700 dc
421 633 676 713 immortalitate,
699 633 819 700 dehinc
841 635 1099 705 misericordium
1126 657 1269 710 conse*

263 725 361 784 cutus
384 725 448 797 est,
470 718 664 804 perititiam
684 717 747 783 Dei
769 737 853 796 eam,
875 737 962 802 quae
985 730 1038 788 est
1054 741 1114 806 per
1128 725 1248 811 ipsum,

260 804 452 890 percipiens
466 800 689 884 adoptionem“
704 802 817 868 [ΔΗ.
839 805 929 868 0:20.
953 811 1025 870 u.2'.
1039 808 1138 891 „Trio
1159 819 1247 890 sunt,

263 887 450 972 exquibus
473 887 643 996 perfectus
665 883 761 951 homo
784 894 925 965 constat,
948 912 1056 968 corae,
1077 897 1184 958 areima
1213 904 1248 962 et

266 973 401 1054 Spiritu
437 965 631 1057 [Sanctoig
665 977 699 1035 et
729 971 833 1036 attero
869 971 1000 1057 quidem
1029 975 1186 1044 salvante
1213 987 1249 1046 et

262 1056 450 1142 figurante,
479 1054 533 1138 qui
555 1061 608 1118 est
630 1052 777 1141 Spiritus
800 1053 884 1135 (S.)
907 1059 959 1135 *)3
1001 1057 1126 1142 attero,
1159 1064 1246 1146 quod

269 1139 383 1204 unitur
405 1145 439 1202 et
460 1135 637 1218 formatur,
672 1139 757 1222 quod
779 1147 833 1205 est
856 1158 954 1228 ουτος
976 1141 1011 1206 id
1033 1163 1132 1214 vero.
1160 1147 1248 1231 quud

264 1224 353 1288 inter
375 1221 460 1288 haec
482 1227 536 1288 est
559 1221 635 1298 duo,
657 1223 766 1288 anima
785 1230 849 1301 est,
874 1243 959 1306 quae
981 1226 1247 1315 aliquandoqui-

263 1305 340 1372 dem
362 1307 573 1390 subsequens
584 1303 742 1392 Spiritum
764 1307 918 1372 elevatur
939 1309 982 1374 ab
999 1330 1051 1388 eu,
1066 1311 1246 1398 aliquando

262 1400 374 1456 notem
397 1391 610 1456 consentiens
632 1391 726 1456 carni
748 1391 871 1456 decidit
892 1393 924 1456 in
947 1399 1100 1460 terrenas
1123 1415 1246 1464 concu-

264 1473 483 1559 piscentias.“
524 1473 613 1560 „Utri
636 1481 744 1540 nutem
767 1475 913 1560 Spiritus
936 1477 1046 1544 Putris
1067 1486 1145 1564 (per
1166 1501 1246 1564 par-

264 1557 489 1643 ticipationem
519 1578 580 1624 sco
618 1557 875 1626 communionem
907 1560 1045 1642 adest),
1077 1564 1122 1629 ibi
1154 1571 1248 1644 (est)

265 1642 519 1720 homotvivens
541 1661 618 1709 caru
641 1662 662 1708 u
682 1642 810 1728 Spiritu
833 1665 1012 1729 possessa,
1039 1647 1143 1714 oblita
1171 1651 1247 1734 qui·

264 1728 341 1792 dem
364 1725 428 1804 sui,
450 1726 640 1812 qualitatem
665 1735 773 1792 autem
791 1727 937 1811 Spiritus
959 1748 1145 1812 assumens,
1169 1752 1247 1798 con-

262 1811 378 1876 formis
400 1811 492 1875 tacta
517 1809 627 1877 Verbo
650 1809 749 1876 Det.“
791 1811 867 1878 Lib.
891 1815 921 1877 5.
945 1830 974 1877 c.
998 1818 1028 1878 9.
1051 1832 1084 1879 n.
1107 1820 1136 1880 1.
1160 1823 1195 1882 et
1214 1819 1249 1880 3.

263 1896 308 1960 ct.
331 1915 359 1961 c.
383 1895 415 1959 8.
439 1911 467 1958 c.
494 1895 541 1959 13.
564 1914 594 1960 n.
619 1899 651 1960 4.
673 1901 708 1961 et
726 1893 783 1960 lib.
805 1898 835 1961 3.
860 1915 890 1961 c.
921 1897 971 1962 17.
999 1905 1034 1963 et
1058 1912 1096 1964 c.
1129 1901 1183 1964 23.
1214 1920 1248 1966 n.

260 1981 293 2046 5.
316 1977 447 2045 Concit.
469 1977 617 2046 'l'rident
641 1979 740 2046 Scss.
764 1981 794 2044 d.
819 1999 893 2066 oap-
916 1979 948 2046 7.
973 1987 1007 2047 ct
1030 1999 1104 2048 can.
1129 1987 1181 2049 tl.

196 2091 238 2168 3)
261 2089 348 2158 lude
375 2095 496 2178 sponte
518 2091 587 2157 fluit
616 2091 767 2158 doctrina
789 2089 964 2159 catholice
993 2092 1035 2160 de
1067 2105 1187 2159 tratura
1217 2108 1249 2160 et

262 2177 456 2240 necessitate
478 2177 627 2239 horrorum
649 2197 790 2260 operum,
813 2176 855 2243 de
878 2179 998 2263 quibus
1021 2179 1084 2246 ott:
1131 2178 1249 2262 „Sicut

287 2261 320 2326 ui
343 2257 376 2324 in
399 2257 517 2325 melius
540 2261 715 2346 profecerit
738 2267 773 2326 et
794 2259 933 2330 fructum
962 2272 1119 2349 operatus
1148 2266 1249 2334 tuerit

263 2282 427 2431 Spiritus,
449 2343 536 2409 omni
558 2345 652 2410 modo
674 2345 828 2410 saturatur
851 2355 986 2432 propter
998 2347 1144 2432 Spiritus
1159 2370 1244 2416 com·

266 2431 475 2518 munionem3
498 2430 549 2494 sic
571 2436 605 2494 et
627 2430 667 2507 is,
689 2427 742 2513 qui
766 2433 964 2496 remanserit
984 2431 1017 2496 in
1041 2434 1152 2516 earnis
1167 2454 1250 2519 ope-

271 2513 465 2588 rationibus,
502 2513 651 2578 carnalis
672 2531 754 2578 vere
776 2509 970 2598 deputatus,
1002 2515 1154 2598 eoquod
1181 2535 1248 2581 non

270 2604 419 2663 assumat
439 2595 600 2682 Spiritum
623 2593 706 2672 Dei,
739 2615 880 2683 regnum
900 2615 966 2662 non
989 2599 1110 2682 poterit
1140 2601 1252 2682 possi-

269 2679 353 2748 dere
369 2679 546 2748 coelorum.
588 2681 629 2746 ln
652 2679 771 2766 quibus
792 2681 895 2768 igitur
917 2681 1127 2764 periebamus
1151 2701 1249 2749 mem·

268 2767 350 2845 bris,
372 2772 551 2851 operantes
571 2785 626 2845 ea,
647 2782 735 2851 quae
756 2773 834 2830 suut
847 2765 1066 2852 corruptelae,
1082 2765 1115 2832 in
1130 2766 1251 2834 iisdem

266 2851 357 3000 {peip
388 2849 593 3000 ipupticpmur
608 2856 802 3000 lrpperuntlcs
815 2869 903 3000 {ab
921 2869 1007 3000 quat'e
1031 2857 1117 3002 popli
1138 2850 1250 3004 88μίτί-

162 2977 172 2990 -
285 2956 334 3001 ns.
432 2957 476 2999 r.
521 2955 582 3002 .c.
649 2953 725 3000 .n.
777 2980 786 2999 .
838 2982 846 3001 .
906 2954 1002 3002 oucr.
1060 2957 1121 3004 rr.
1181 2956 1250 3004 ess.

269 3023 302 3083 o.
326 3037 402 3104 cap.
426 3023 471 3084 tl.
495 3027 529 3086 ct
550 3038 624 3086 can.
647 3021 700 3084 25.

202 3125 251 3219 4]
279 3129 333 3196 De
369 3141 524 3214 acceptae
561 3151 636 3194 uero
669 3129 916 3208 fructificationis
952 3133 1146 3195 incremento
1186 3134 1251 3197 ait:

268 3217 366 3300 „Non
390 3215 490 3280 utitor
512 3233 573 3280 nos
597 3213 730 3280 discere
752 3221 953 3296 poteramus,
975 3216 1041 3278 nisi
1057 3216 1252 3302 magistrum

268 3305 419 3364 nostrum
439 3300 571 3376 (desum
589 3297 768 3375 Christum)
788 3297 946 3363 uidentes
968 3305 1003 3362 et
1024 3316 1083 3384 per
1104 3298 1252 3364 auditum

269 3388 420 3448 nostrum
441 3401 557 3448 vocem
580 3383 653 3465 ejus
676 3382 910 3468 percipientes,
926 3388 962 3445 ut
979 3381 1161 3447 imitatores
1177 3383 1251 3467 qui-

270 3466 347 3534 dem
375 3485 522 3554 operum,
548 3470 700 3550 junturas
727 3477 834 3529 autern
861 3487 1035 3528 sernronmn
1065 3469 1131 3546 ejus
1160 3464 1255 3549 facti

249 3797 350 3857 risque
368 3797 517 3856 detortum,
535 3797 695 3856 vtndtcant,
713 3793 854 3854 explicant
871 3786 988 3856 ejusque
1005 3796 1090 3845 robur
1105 3799 1254 3848 ostendunt

251 3867 471 3984 pettupprgbtttses:
487 3867 622 3987 {1513}ss
640 3866 690 3916 tv.
715 3863 836 3926 Lampon
853 3855 886 3912 Ρ.
897 3863 948 3912 111.
967 3878 995 3928 p.
1013 3863 1147 3919 368-80.
1174 3863 1253 3931 mtto.

193 4030 226 4091 ·)
244 4033 401 4083 Notandum
421 4039 480 4095 est,
504 4035 699 4095 expressione:
725 4033 860 4093 spiritus,
879 4034 926 4082 vet
943 4033 1063 4092 rputrus
1080 4027 1172 4083 Patris
1190 4043 1207 4078 a
1223 4033 1254 4078 s.

250 4103 368 4152 Irenaeo
393 4107 536 4167 designari
565 4107 683 4166 gratiam
712 4103 940 4152 sanctificantem.
982 4103 1112 4152 Ceterum
1136 4099 1256 4148 ostendit

251 4175 315 4235 ute,
342 4177 397 4222 trta
414 4177 448 4224 ud
467 4175 706 4234 supernatoratem
724 4173 843 4222 bomtnts
862 4172 1062 4232 perfectionem
1080 4175 1122 4220 tta
1138 4167 1256 4228 requiri,

253 4247 303 4306 ut,
323 4246 349 4292 nt
367 4256 450 4295 unum
467 4247 558 4305 desit,
575 4245 718 4308 perfectus
735 4243 812 4294 horno
831 4253 895 4291 esse
913 4253 965 4292 nou
985 4243 1082 4302 possit.
