2886 4660
219 363 261 430 68

217 549 302 600 mam
334 529 496 618 originem
535 532 568 593 et
601 527 875 614 propagationem
905 528 1061 594 librorum
1091 523 1159 594 SS.
1189 525 1326 594 Petrum

217 615 421 704 spectantia,
448 631 534 702 quae
561 612 603 677 ad
628 611 851 678 discernenda
872 613 1020 699 genuina
1049 630 1070 678 a
1095 611 1220 697 spuriis
1243 631 1328 696 quo·

218 703 293 768 dam
317 698 411 765 modo
433 699 545 764 tacere
567 703 715 780 possunt.
759 695 878 764 Sancti
902 696 1020 762 Patres
1040 695 1098 762 rix
1119 715 1185 761 non
1209 714 1327 762 omncs

217 786 311 852 libris
334 803 354 850 a
375 801 415 849 se
436 782 586 850 exaratis
611 798 727 846 nomen
755 801 849 847 suurn
875 781 1096 866 inscripsere3
1130 779 1327 866 paucissimi

216 877 354 947 tantum,
377 868 573 954 pnnesertim
595 863 756 943 monachi,
780 863 852 931 iere
873 864 1066 930 humilitatis
1088 866 1200 951 gratia
1217 865 1325 932 ascito

215 953 346 1021 nomine
368 951 507 1037 quodam
535 967 557 1014 a
582 949 741 1035 pellativu
773 949 878 1016 latere
907 950 1117 1046 maluerunt3
1150 947 1239 1035 quod
1269 967 1326 1016 ex.

215 1057 269 1126 gr.
289 1044 490 1123 compertum
513 1034 557 1100 ba
580 1052 672 1099 emas
701 1033 746 1100 de
772 1031 810 1100 S·
834 1033 1011 1100 Vincentio
1043 1034 1234 1113 Lirinensi,
1268 1035 1325 1120 qai

214 1139 288 1190 earn
308 1121 351 1187 ob
374 1137 509 1188 causam
526 1115 701 1203 Peregrini
723 1135 841 1183 nomen
865 1119 897 1183 in
919 1115 1244 1184 suoCommonitoria
1266 1135 1325 1184 as-

214 1207 342 1274 sumsit.
366 1206 399 1287 l)
444 1204 623 1287 Postquam
648 1217 729 1266 vero
759 1201 879 1269 Patres
907 1203 1069 1284 eiusmodi
1096 1220 1199 1287 opera
1229 1219 1324 1268 com-

237 1296 412 1366 osuerant,
445 1287 504 1352 illa
530 1303 595 1351 non
621 1284 831 1370 quibuslibet*
848 1286 1008 1359 librariis,
1037 1287 1099 1352 sed
1129 1285 1324 1352 domesticis

211 1369 559 1524 tzillllet'lll
581 1368 824 1520 tillido
861 1372 958 1520 tt:
979 1371 1324 1541 tmtttt‘ltttla

211 1505 356 1630 scriptor’,
383 1539 448 1608 nisi
468 1538 532 1626 ipsi
555 1536 758 1636 exemplaria
779 1540 939 1604 nonnulla
959 1538 1179 1606 exscribenda
1200 1557 1322 1607 ouras·

211 1634 306 1705 sente
330 1626 455 1692 librarii
478 1631 588 1689 autem
611 1623 680 1699 illo,
702 1641 838 1709 quornm
863 1641 978 1690 munus
1000 1633 1074 1690 erat
1094 1625 1197 1692 libros
1221 1623 1324 1690 dumi-

210 1729 325 1777 norom
352 1727 486 1776 suorum
511 1707 725 1786 describere,
755 1708 830 1773 sine
859 1707 958 1772 dubio
979 1728 1107 1776 ornnem
1130 1725 1265 1794 operam
1288 1715 1323 1775 et

210 1813 324 1863 curam
345 1795 379 1859 in
401 1809 462 1858 suo
485 1809 620 1858 munere
641 1791 795 1858 obeundo
816 1793 996 1877 ponebant.
1039 1794 1158 1877 Neque
1182 1811 1264 1859 vero
1283 1795 1321 1860 ti·

209 1877 363 1946 mendum
392 1884 484 1957 ernt,
512 1895 555 1942 ue
578 1876 704 1941 librarii
726 1875 803 1953 alii,
830 1877 887 1962 qui
913 1876 980 1942 sibi
1007 1877 1128 1944 victum
1155 1879 1321 1945 bausen-

208 1962 327 2030 bendis
360 1961 455 2026 libris
492 1959 748 2046 quaeritabant,
790 1961 912 2026 saltem
945 1961 989 2025 ab
1027 1963 1119 2027 initio
1151 1963 1320 2046 ejusmodi

207 2048 333 2132 scripta
353 2049 618 2131 corrumperent,
641 2061 716 2110 narn
732 2063 845 2110 eorum
864 2044 1016 2112 fraudem
1031 2045 1139 2113 dolum
1164 2065 1217 2126 ue,
1232 2065 1319 2113 oom-

207 2131 332 2216 paratis
363 2129 450 2194 inter
477 2146 518 2193 se
543 2128 812 2214 exemplaribus,
850 2140 1011 2214 promtum
1037 2139 1114 2196 erat
1164 2139 1319 2220 elegere,

206 2213 324 2300 quibus
353 2211 458 2278 semel
490 2211 633 2277 detectis
663 2229 761 2278 nemo
790 2213 1029 2280 concitemur
1059 2216 1163 2282 libros
1193 2217 1318 2284 abeis

205 2298 414 2380 conscriptos
435 2295 585 2362 emisset.
629 2293 715 2376 Quin
744 2297 807 2363 imo
836 2307 991 2364 auctores
1016 2297 1098 2384 ipsi,
1124 2307 1162 2366 ut
1187 2320 1319 2368 summa

163 2425 168 2435 -
202 2380 383 2470 diligentia
404 2379 539 2446 codices
558 2385 717 2446 umbrato
740 2381 979 2448 describendos
1001 2392 1168 2463 curarant,
1188 2385 1317 2451 salern-

203 2483 278 2534 nem
308 2465 527 2552 adjurationis
555 2465 729 2532 iormoluru
757 2466 829 2532 suis
851 2467 1008 2552 operibus
1030 2467 1237 2552 adiecerunt„
1258 2470 1317 2544 “t

201 2549 384 2619 Praeterea
411 2550 592 2636 diligenter
619 2551 844 2617 servabuntur
869 2553 947 2636 ipsa
978 2554 1205 2640 autographa,
1237 2555 1316 2640 nni-

202 2635 337 2700 buscum
365 2635 536 2718 descripta
562 2653 761 2720 componere
787 2644 822 2701 et
850 2635 1004 2703 conferre
1039 2639 1144 2703 cuiuis
1173 2640 1316 2706 licebat.
1424 2681 1425 2710 t

201 2717 323 2784 Libros
352 2717 453 2782 etiarn
477 2719 525 2782 ite
553 2715 662 2781 editos
684 2719 856 2804 partimin
878 2721 1011 2788 seriniis
1032 2721 1171 2808 publicis
1193 2723 1315 2790 ecclc-
1423 2803 1424 2809 ἵ

200 2800 340 2876 siarum,
368 2798 413 2864 ad
438 2817 525 2884 quas
554 2799 685 2864 tueraat
712 2801 849 2881 directi,
871 2805 943 2874 Μ’
974 2805 1029 2872 vel
1052 2805 1211 2892 aquibus
1232 2805 1314 2874 tue·

200 2889 276 2950 rant
296 2882 452 2968 protecti,
468 2887 503 2961 †)
526 2883 697 2970 partimin
720 2886 797 2952 aliis
819 2889 1009 2976 praecipuis
1027 2888 1314 2960 orbistristiani
1422 2881 1423 2905 ¹

201 3067 411 3087 w

251 3193 278 3252 ¹)
297 3196 424 3247 Gennad-
445 3199 479 3248 de
497 3199 630 3260 scriptor.
650 3200 751 3250 ecoles-
773 3212 798 3250 e·
819 3199 865 3253 ot.

232 3292 284 3360 **)
302 3298 343 3348 lta
361 3301 465 3361 prtmun
482 3299 513 3347 s.
533 3296 670 3348 lrruoorm
693 3299 722 3348 la
739 3297 795 3348 bne
813 3299 879 3348 llbri
897 3301 932 3350 de
951 3300 1097 3364 ogdoade,
1116 3308 1197 3364 prout
1216 3301 1311 3352 relert

301 3369 439 3420 &mabiria
457 3371 484 3418 to
504 3369 606 3416 illator.
626 3367 735 3416 llecles.
757 3369 807 3418 ttb.
826 3367 854 3420 5.
874 3379 899 3417 ο.
920 3367 965 3422 20.
984 3377 1014 3422 et
1030 3372 1255 3434 §.Hieronymus
1279 3374 1311 3422 la

299 3439 426 3504 Gatalug.
453 3450 477 3487 c.
494 3435 539 3487 35.
586 3439 666 3487 Adde
691 3440 714 3488 S
746 3437 854 3498 corita·
881 3439 1067 3504 Hierosolym.
1095 3444 1235 3492 Admonlt.
1271 3445 1309 3493 ad

297 3511 442 3562 burbureno
459 3503 614 3569 subjectam
631 3509 826 3559 erooateenest
845 3506 888 3570 (p.
907 3506 963 3567 14).
999 3511 1041 3562 ct.
1054 3509 1172 3563 Eurebr'i
1188 3513 1307 3563 caesar.

296 3579 531 3632 obtestattonem,
557 3589 638 3642 quarn
656 3578 783 3630 Gbrontel
801 3581 846 3629 aul
864 3579 1033 3631 Pnretattnut
1058 3583 1201 3633 subnectit
1217 3583 1304 3644 (opp.

296 3651 410 3701 literne.
428 3651 459 3732 Ἰ·ζ
471 3647 551 3726 vm:
564 3649 595 3697 p,
608 3649 631 3698 l.
651 3662 678 3710 p·
697 3647 807 3705 9-rot.
845 3647 944 3712 Rufini
956 3651 1065 3710 Prolox.
1086 3654 1115 3701 ln
1135 3654 1220 3703 ltbros
1232 3653 1304 3702 orl-

297 3724 378 3782 reatu
395 3731 459 3784 nepo
477 3711 570 3785 ἄρχειν
592 3731 610 3768 n
627 3730 659 3769 se
677 3731 785 3786 versos,
798 3719 880 3781 (opp.
899 3719 978 3783 orig.
997 3723 1028 3770 Τ.
1049 3724 1072 3772 l·
1091 3734 1120 3783 p·
1138 3721 1198 3780 bol:
1236 3723 1308 3774 vid.

296 3793 380 3910 etta2u3
402 3788 494 3910 arist.
513 3789 662 3841 Ecclesiae
686 3789 869 3849 smnmemtr
892 3793 927 3842 de
946 3795 1082 3854 martyrio
1106 3795 1136 3842 a.
1156 3794 1308 3856 eutymrpl

297 3873 327 3908 n·
383 3870 416 3907 0⁴
447 3889 455 3907 0

207 3949 270 4016 W)
287 3955 412 4020 Exempli
430 3957 642 4020 gestientes.
664 3955 729 4004 beo.
749 3967 795 4017 ep·
815 3954 859 4010 ⁶9.
879 3971 904 4010 c.
928 3963 953 4011 t.

241 4048 270 4118 l)
291 4051 341 4106 ltx.
360 4067 404 4119 gr.
424 4056 552 4103 vertantur
565 4053 597 4102 s.
614 4051 744 4116 Gregorii
769 4055 808 4104 bl.
827 4059 947 4118 eptsmta
972 4061 1007 4110 ad
1030 4059 1150 4112 samad.
1173 4061 1305 4124 praefixa

292 4123 418 4190 ejusdem
438 4126 564 4174 tlnmtllta
582 4125 611 4173 tn
632 4123 793 4188 Evangetta,
811 4137 865 4176 nec
884 4139 937 4179 nae
956 4131 1074 4180 ¹tornulo
1086 4133 1200 4182 macoot
1215 4132 1309 4180 Prae-

293 4195 360 4248 latio
378 4199 406 4246 in
422 4205 501 4245 sitam
521 4195 611 4244 vllam
634 4195 663 4244 8.
684 4191 816 4258 erogant
835 4200 945 4262 brugun
969 4205 1035 4251 tte·
1061 4205 1120 4252 eid.
1142 4204 1175 4251 8.
1196 4201 1307 4263 cyrille

292 4269 445 4320 Alexandr.
465 4277 508 4328 ep.
529 4261 572 4316 dd.
590 4264 639 4314 dn.
652 4266 703 4315 el.
723 4269 864 4317 aamtnrtr
882 4271 1017 4320 Uoltum.
1035 4271 1107 4321 Nota
1131 4274 1249 4336 nargln.
1273 4277 1307 4324 tu

291 4341 377 4391 bladr·
397 4339 426 4392 p,
448 4335 535 4399 apro.
566 4337 601 4385 nrt
619 4335 714 4386 Taras.
734 4337 835 4388 leolam
855 4341 883 4388 ln
902 4338 1010 4390 conell.
1030 4341 1097 4393 tlte.
1116 4343 1154 4392 tl.
1177 4344 1242 4393 Act
1263 4343 1305 4392 u.
