2866 4652
184 308 291 399 aa,

269 473 390 537 Eorma
412 471 515 560 igitur
537 469 667 555 utrique
689 469 885 536 eruditionis
907 471 1025 557 generi
1048 469 1165 546 euclem
1188 467 1243 536 e'st
1261 481 1297 538 et

187 557 387 624 eommunis:
411 573 518 641 neque
541 554 695 622 differunt
716 555 781 620 uisi
804 555 912 640 quoad
937 554 1125 624 materiam:
1155 555 1297 622 undeet

186 642 252 714 ilii,
287 640 341 724 qui
368 627 457 706 omui
485 640 681 706 eruditionis
702 639 864 724 profanae
886 646 1046 726 apparato
1074 641 1226 705 insinueti
1253 642 1295 707 ad

186 725 376 794 Ecclesiam
398 729 617 791 accesserunt
644 742 785 808 eamque
813 725 949 810 scriptis
976 724 1144 790 illustrare
1172 743 1296 812 coepe·

186 817 279 890 roni,
302 810 438 876 sormam
460 808 656 906 eruditionis
678 809 839 874 hnmanae
862 817 953 875 recte
976 815 1129 906 proterunt
1152 810 1296 908 relinere

187 888 1296 1074 iiiiiit‘tiitiuliir‘illullautiiliniiiffia

188 1064 272 1129 haec
294 1065 350 1129 vel
379 1063 543 1128 tantillum
565 1063 789 1128 immutaretur
817 1063 892 1130 sinc
921 1059 1109 1140 additione,
1136 1065 1211 1129 sive
1234 1064 1296 1130 de·

188 1148 362 1224 tructione,
383 1147 458 1213 sive
479 1164 602 1212 seusus
624 1145 879 1212 adulteratione.
903 1141 987 1232 Ν)
1031 1147 1076 1211 Et
1096 1149 1142 1212 ito
1165 1148 1295 1233 quidem

188 1231 329 1298 eruditio
352 1231 495 1297 humana
517 1231 608 1297 utilis
629 1237 684 1298 esi
705 1232 861 1298 Patribus
883 1230 1071 1310 Ecclesiae,
1093 1232 1188 1297 modo
1210 1231 1296 1297 intra

183 1318 294 1398 justos
316 1333 395 1383 sese
417 1315 571 1381 cohibeat
593 1316 732 1396 limites,
762 1333 827 1381 non
850 1333 930 1382 uero
953 1315 1018 1380 dici
1041 1322 1154 1414 potest
1175 1335 1294 1383 neees-

186 1401 290 1466 sarin.
333 1399 486 1466 Eruditio
509 1417 589 1465 vero
611 1419 721 1480 saera,
744 1419 816 1466 cum
838 1402 884 1465 nil
908 1399 996 1466 alind
1018 1408 1074 1475 ert,
1091 1401 1156 1467 uisi
1176 1400 1297 1467 doctri·

187 1503 254 1550 nne
276 1503 296 1552 a
319 1482 452 1552 Christo
474 1485 618 1551 traditae
641 1484 788 1574 cognitio
818 1485 927 1571 quoad
962 1485 1130 1552 materiam
1156 1491 1191 1549 et
1224 1485 1297 1550 lor-

186 1587 273 1634 mam
303 1569 471 1654 perlecta,
503 1576 594 1635 certe
622 1571 818 1636 necessaria
843 1575 899 1643 est
925 1569 1104 1636 Ecclesiae
1133 1569 1297 1646 Patribus,

212 1653 342 1720 uoniam
364 1672 456 1735 eum,
478 1655 535 1740 qui
557 1659 659 1719 totam
681 1654 867 1720 Ecclesiam
890 1654 964 1719 vnlt
983 1654 1124 1732 doecre,
1146 1653 1298 1720 doctrina

186 1672 315 1805 {bristi
338 1737 489 1822 perfecta
511 1737 638 1823 pollere
660 1746 801 1823 oportet·
823 1735 937 1826 m]

275 1817 321 1906 b)
343 1822 535 1908 Requiritor
557 1822 657 1888 etiam
678 1825 837 1886 curretiam
855 1825 954 1888 miae.
1010 1821 1108 1888 Sicut
1127 1823 1212 1888 enim
1237 1839 1299 1906 pa-

188 1915 261 1972 tres
289 1906 482 1993 corporales
513 1914 549 1972 et
582 1907 687 1973 verbo
714 1919 749 1973 et
779 1908 932 1994 exemplo
967 1907 1092 1974 liberos
1128 1908 1301 1973 instituere

190 1991 340 2070 debent,
371 1992 419 2054 ita
458 1996 492 2055 et
526 1991 645 2056 Patres
677 1991 853 2058 Ecclesiae
887 2011 952 2060 nou
984 1993 1091 2056 solum
1125 1993 1299 2077 praeclare

189 2074 326 2158 scriptis
352 2072 474 2138 fideles
501 2092 616 2141 omnes
644 2074 796 2142 doctriua
822 2077 944 2144 solutis
971 2077 1139 2156 imbuere,
1175 2076 1238 2142 sed
1263 2083 1300 2140 et
1367 2089 1369 2092 ·

189 2157 780 2323 litigatricumlitarat
798 2177 922 2310 liiii
942 2160 1126 2332 ,italia
1149 2161 1300 2246 ΨΜ

382 2287 391 2320 p
1128 2291 1136 2310 ι

275 2324 458 2390 Praeterea
477 2324 637 2392 Ecclesia
658 2345 823 2413 nunquam
844 2348 909 2395 non
932 2328 1153 2396 arctissimum
1179 2348 1299 2398 nexum
1411 2418 1416 2431 Ι

189 2411 277 2477 inter
305 2407 526 2476 eruditionem
554 2428 685 2478 sacram
714 2419 750 2478 et
781 2412 871 2479 vitae
899 2413 1113 2480 sanctitatem
1148 2415 1299 2503 agnovit,

190 2492 275 2560 adeo
298 2495 447 2560 atillam
469 2495 530 2560 alos
556 2513 596 2560 ne
618 2495 681 2561 lrac
704 2495 767 2564 rite
789 2498 899 2564 excoli
922 2502 956 2563 et
978 2498 1091 2583 persici
1113 2518 1213 2583 posse
1237 2501 1299 2565 mi-

189 2579 276 2646 nime
298 2576 486 2646 crediderit.
512 2513 570 2669 ἦῆ)
615 2580 706 2647 ldem
728 2581 851 2669 quippe
873 2589 929 2648 est
950 2581 1096 2668 Spiritus
1119 2584 1199 2662 liei,
1234 2605 1299 2669 quo

191 2670 327 2728 auctore
349 2669 384 2726 et
405 2662 556 2742 adiutore
579 2661 674 2728 homo
696 2665 912 2747 pervenitad
935 2667 1155 2748 sanctitatem,
1175 2675 1211 2732 et
1232 2689 1298 2754 quo

192 2750 328 2809 auctore
351 2749 385 2810 et
408 2745 559 2826 adjutore
581 2763 713 2812 sacram
736 2749 878 2834 acquirit
900 2750 1136 2839 eruditionem
1165 2751 1219 2838 qni
1242 2753 1299 2818 uui

180 3114 185 3123 ,
242 3067 273 3120 *l
292 3068 418 3130 Exempli
436 3081 519 3119 causa
539 3073 583 3122 lric
602 3077 740 3127 adducere
762 3080 830 3129 libet
849 3082 925 3130 viros
949 3086 1023 3132 ornui
1046 3087 1213 3132 eruditionis
1233 3095 1296 3146 pro-

296 3138 378 3187 fanae
402 3151 507 3204 genere
534 3148 665 3203 ornatos,
710 3148 758 3196 88.
778 3149 1026 3211 erogationum.
1054 3158 1083 3203 et
1109 3156 1296 3206 Alliauasium.

253 3277 256 3284 ἢ
295 3221 410 3270 quorum
434 3214 572 3270 posterior
597 3215 719 3266 l‘lotonis
745 3219 911 3284 Homerique
943 3221 1029 3272 liirroa
1052 3228 1162 3273 assidue
1195 3227 1298 3286 legisse

295 3280 423 3344 videtur,
441 3283 490 3329 88.
510 3285 574 3333 item
595 3286 793 3349 Hieronymum
810 3292 840 3340 et
858 3295 1052 3356 augustinum.

209 3367 270 3449 Q)
290 3376 451 3441 Exemplum
475 3381 520 3430 liic
544 3383 653 3432 illustre
681 3387 795 3446 praebet
821 3401 961 3454 „maguus
989 3390 1039 3440 ille
1066 3387 1134 3440 vir“
1161 3391 1299 3454 Origenes

295 3445 424 3508 (lilerou.
444 3461 489 3512 ep·
508 3448 553 3502 et.
573 3466 600 3502 n.
617 3451 673 3514 8.),
693 3460 756 3518 qui,
776 3463 892 3509 maxima
911 3463 1034 3522 quamvis
1053 3463 1217 3511 eruditionis
1237 3463 1299 3510 lau-

294 3520 327 3567 de
344 3521 466 3581 floreret,
485 3524 714 3587 sanctissimeque
734 3531 860 3591 viveret,
888 3531 1096 3594 haudquaquam
1116 3538 1205 3581 tamen
1226 3533 1300 3582 iuter

293 3589 342 3636 81.
371 3589 519 3639 Ecclesiae
544 3591 639 3643 Patres
666 3601 793 3658 receptus
818 3603 875 3658 est,
913 3601 966 3649 lmo
990 3605 1082 3662 potius
1112 3603 1298 3651 ‹taurinatiunis

293 3661 460 3709 seutentiam
485 3663 550 3710 tulii
576 3665 603 3714 lu
622 3661 708 3716 Oeae.
728 3680 868 3724 uecrtmcn.
897 3669 928 3718 V.
948 3685 976 3720 a.
998 3671 1060 3724 553.
1085 3673 1193 3730 (arrrnst
1220 3674 1296 3720 'lom

293 3727 343 3776 lx.
362 3729 417 3777 eol·
436 3729 489 3781 395
507 3733 600 3794 seqq.)
636 3733 680 3784 cl.
700 3731 825 3799 ejusdem
844 3739 951 3790 Concil-
973 3753 1035 3790 ertu.
1063 3744 1105 3792 ll.
1135 3741 1176 3800 (l.
1196 3756 1221 3790 c·
1241 3741 1297 3790 cul.

294 3793 370 3846 384.
408 3797 515 3849 Concli.
536 3801 584 3864 Cp.
605 3805 654 3853 iil.
681 3808 866 3858 dccxviii.
893 3810 1298 3866 (pronuntiaretque).

292 3867 321 3914 8.
339 3867 486 3928 sophronii
506 3873 688 3934 litorosolp'm·
709 3879 847 3938 Synodion
873 3881 899 3928 lu
920 3879 1002 3929 Gouc.
1023 3881 1071 3942 Cp.
1092 3885 1142 3930 lli.
1164 3882 1224 3927 net.
1246 3881 1297 3928 xl.

293 3935 395 3994 (Moruni
414 3941 446 3986 Τ.
467 3939 516 3989 xl.
536 3941 588 3988 col.
609 3943 684 3998 too-l
721 3945 829 3997 Concil·
855 3949 968 3999 nreaon.
991 3953 1025 3999 ll.
1054 3954 1080 4000 in
1102 3949 1211 4000 Deiinit.
1234 3951 1298 3999 lidei

293 4009 356 4056 Act.
376 4008 439 4057 VII·
459 4011 564 4066 (Monet
582 4013 614 4060 Τ.
635 4015 710 4063 xlll-
730 4016 783 4064 col.
804 4015 879 4073 377).

204 4097 274 4162 *iil
294 4106 371 4156 liano
390 4109 696 4181 cruditionerusacraur
718 4117 744 4162 in
765 4117 812 4163 88.
837 4117 963 4166 Prrtriirua
986 4119 1136 4179 prraeoipue
1156 4129 1292 4168 commcn-

293 4179 339 4226 dnt
356 4179 384 4225 8.
404 4180 575 4239 Augustinus
595 4195 619 4229 c.
638 4184 745 4232 iutiau.
767 4185 815 4233 lin.
836 4187 871 4233 ΙΙ.
892 4199 920 4234 u·
940 4187 984 4236 di.

240 4269 269 4334 †)
291 4275 334 4324 ct.
355 4275 491 4326 Eorrnud·
511 4279 540 4325 in
562 4277 627 4327 vitu
645 4282 672 4326 ti.
693 4281 834 4355 lr'rrlucntti
855 4282 939 4344 ilnsp.
961 4297 988 4332 n.
1013 4287 1036 4331 t.

645 4354 662 4387 0
