2948 4662
1187 344 1251 414 293

263 509 361 574 otium
385 505 595 575 Christianos
618 507 783 588 afficiant,
804 530 865 577 eas
888 519 998 578 tamen
1021 513 1104 580 sotis
1127 513 1249 581 Genti-

268 595 354 659 titrus
376 611 498 659 nocere
532 593 694 672 ostendit,
721 615 785 659 non
817 615 896 662 uero
919 596 1134 675 Christianis,
1165 621 1248 684 qrros

265 678 307 741 ad
344 685 482 742 aeterna
515 679 641 764 gaudia
678 679 878 764 perducant:
913 680 1055 764 denique
1094 682 1248 750 Gentiles

267 779 394 825 stimmo
417 763 567 826 caritatis
591 763 721 828 terrore
750 763 916 840 hortatur,
942 772 975 830 at
998 764 1102 832 Deum
1133 773 1248 834 ierom

267 843 399 910 tandem
422 845 601 932 atiqnando
624 853 812 933 agnoscant
834 867 874 912 ac
897 857 1109 915 venerentur.

351 986 414 1047 Ast
435 1001 499 1048 non
523 986 629 1049 sotum
652 984 818 1058 Gentites,
839 989 1073 1054 verumetiam
1095 976 1247 1058 Jtrdaeos

271 1085 461 1156 aggressus
484 1076 538 1134 est
558 1068 597 1134 S.
620 1068 822 1156 Cyprianus,
845 1089 938 1155 qoem
960 1073 994 1136 in
1017 1071 1112 1139 finem

200 1223 247 1313 a)
273 1208 589 1284 amasaeorum
611 1211 705 1285 titre·
727 1220 805 1286 tras
820 1213 1004 1288 udaeam
1018 1213 1192 1290 deducas
1207 1216 1243 1307 *J

227 1309 228 1312 ’
264 1314 306 1376 ab
329 1330 369 1396 eo
392 1313 570 1396 conscripti
599 1318 678 1377 sunt
704 1317 747 1373 mt
771 1315 951 1386 ttrrr'rdmrm.
997 1314 1058 1379 His
1087 1317 1120 1380 in
1150 1318 1244 1382 tibris

264 1395 379 1460 ttreses
402 1396 564 1482 qtrrrsdam
587 1396 709 1462 breves
724 1398 894 1504 proponit,
925 1400 1103 1483 statimqne
1124 1401 1246 1486 singn-

265 1479 305 1544 tis
329 1478 444 1543 divina
465 1481 654 1545 testimonia
675 1479 746 1546 eb.
763 1479 948 1566 Scriptoris
968 1481 1141 1568 depromta
1163 1503 1246 1548 con-

264 1563 458 1628 sumationis
502 1568 614 1652 gratia
652 1565 832 1650 subpungit.
886 1563 987 1629 Libro
1024 1567 1050 1632 Ι.
1088 1569 1246 1649 ostendit,

265 1647 528 1732 reprobationem
567 1649 677 1733 popuii
708 1648 844 1714 Judaici
883 1647 1004 1714 dudam
1042 1652 1245 1734 praedictam

258 1732 454 1814 justissimis
477 1753 518 1796 ex
541 1734 653 1798 causis
683 1735 889 1821 contigisse,
924 1738 1131 1800 successisse
1164 1756 1244 1802 vero

262 1818 295 1881 in
318 1834 429 1880 eorum
454 1817 560 1880 toerrm
582 1816 791 1882 Christianos
826 1817 890 1882 tide
915 1815 1084 1882 ttominum
1113 1836 1246 1903 prome-

265 1908 393 1974 rentes,
421 1908 456 1965 et
483 1899 526 1964 de
548 1901 699 1966 omnibns
726 1901 886 1990 gentibus
920 1919 961 1966 ao
994 1901 1037 1966 de
1068 1911 1138 1967 toto
1166 1904 1245 1970 orbe

266 1984 462 2062 uenientes,
493 1983 570 2049 hino
598 1991 842 2070 consequenter
864 1998 980 2051 vetera
1012 1989 1120 2052 omnia
1147 1989 1246 2053 insti·

265 2075 351 2145 tuta,
387 2075 422 2133 ut
459 2069 757 2144 circumcisionem,
791 2071 901 2158 tegern
933 2077 968 2136 et
1002 2077 1245 2150 testamentum,

265 2152 428 2236 baptisma
449 2161 484 2217 et
507 2160 671 2238 pastores,
694 2154 863 2240 tempium,
890 2153 1088 2220 sacrificium
1121 2164 1156 2221 et
1186 2175 1246 2220 sa-

264 2237 445 2303 cerdotium
468 2257 511 2302 ex
535 2239 783 2320 praedieatione
814 2237 1044 2324 prophetarum
1075 2259 1246 2318 cessasse,

267 2339 353 2386 nov-a
376 2322 485 2386 omnia
508 2321 599 2386 tacta
622 2341 717 2407 esse,
748 2323 861 2408 itaque
881 2321 1033 2389 Judaeos
1052 2343 1093 2388 ea
1117 2325 1246 2391 demam

266 2406 321 2470 via
342 2406 483 2472 satutem
507 2407 666 2491 consequi
711 2425 809 2484 osse,
838 2407 868 2470 si
899 2409 1095 2489 sangninem
1119 2408 1246 2474 Christi

219 2555 224 2578 1
267 2493 365 2554 occisi
389 2491 551 2575 baptismo
575 2493 647 2573 ejas
671 2427 845 2564 afltueriut,
868 2496 902 2556 et
923 2492 955 2554 in
970 2489 1155 2556 Ecclesiam
1171 2495 1246 2574 ejus

268 2581 479 2640 transeuntes
500 2575 687 2658 praeceptis
710 2579 776 2655 ejrm
798 2573 1109 2660 obtemperaverint.
1144 2575 1246 2640 Liber

267 2657 310 2723 ΙΙ.
331 2662 498 2742 „continet
508 2660 630 2720 Clusini
649 2665 903 2732 sacramentnm,
927 2657 1012 2742 qrrod
1037 2657 1121 2722 idem
1139 2677 1245 2724 vene-

264 2743 324 2817 rit,
354 2743 409 2828 qai
437 2736 619 2808 secundum
641 2741 837 2821 Scripturas
871 2745 1083 2808 annuntiatus
1113 2748 1183 2820 est,
1211 2750 1246 2808 et

264 2828 412 2910 gesserit
434 2845 475 2892 ao
498 2826 676 2910 perfecerit
697 2829 873 2907 uniuersa,
902 2830 1021 2908 quibus
1043 2827 1188 2914 intettigi
1211 2835 1245 2893 et

265 2911 426 2998 cognosci
448 2927 549 2996 posse
572 2911 763 2994 praedictos
785 2911 858 2976 est“
880 2906 1054 2999 (t'rooern.
1084 2911 1138 2975 nu.
1170 2907 1245 2998 Ι.);

262 3003 297 3060 et
333 2995 417 3062 haec
446 2994 579 3081 quidem
608 3003 689 3078 apta
718 3002 797 3061 sunt
827 2995 869 3060 ad
899 2997 1004 3081 prima
1033 2996 1109 3060 tidoi
1137 2996 1245 3062 linea-

265 3086 377 3144 menta
400 3079 584 3145 formanda.
629 3079 781 3164 Denique
804 3079 887 3144 tiber
909 3079 971 3145 ΙΙΙ.
996 3081 1098 3145 breve
1131 3087 1167 3146 et
1188 3099 1245 3146 sa·

262 3163 358 3226 tubre
392 3161 619 3246 compendium
650 3165 704 3229 es't
739 3170 1005 3247 praeceptorum,
1031 3181 1119 3244 qaae
1148 3165 1182 3228 itt
1204 3162 1246 3234 S.

266 3245 450 3330 Seriptnris
472 3247 680 3312 continentur
702 3248 744 3311 ad
769 3265 877 3312 mores
892 3244 1154 3311 Christianorum
1177 3247 1246 3310 ior-

269 3329 408 3393 mandos
443 3337 479 3395 et
511 3331 620 3396 osticia
655 3331 746 3395 uitae
779 3329 990 3397 Christianae
1029 3329 1246 3412 incateanda3

267 3429 403 3510 unorum
428 3412 539 3494 tectio,
560 3415 633 3499 ipso
657 3413 878 3500 &cypriano
898 3420 1064 3492 monente,
1087 3413 1248 3498 frequen-

263 3503 316 3561 ter
337 3495 489 3564 iteranda
511 3505 575 3566 est.

137 3693 349 3712 m

190 3817 221 3876 *Ι
241 3822 280 3870 De
298 3823 342 3870 trin
360 3825 398 3874 cr.
418 3825 449 3872 fl.
462 3825 611 3888 augustin.
631 3827 728 3875 contra
746 3827 815 3874 duas
831 3825 960 3887 epistolas
979 3825 1124 3886 Pelagine.
1145 3825 1194 3874 tto.
1207 3819 1242 3874 d.

241 3892 323 3940 att.
344 3899 374 3942 et
391 3889 437 3944 25.
457 3893 508 3955 op.
527 3895 684 3955 importent.
702 3896 843 3946 eduliae.
863 3896 913 3944 tib.
925 3895 974 3942 Vt.
995 3907 1017 3944 c.
1039 3895 1079 3945 ta.
1099 3901 1128 3946 et
1146 3897 1196 3944 titt.
1210 3898 1245 3944 rto

240 3969 361 4022 corrept·
387 3969 416 4012 et
433 3965 527 4024 grotta
545 3976 572 4013 u.
595 3962 637 4016 ta.
673 3969 703 4015 8.
723 3967 883 4028 ateroaym.
904 3965 1014 4028 oratog.
1042 3970 1138 4017 contra
1162 3966 1244 4014 Peta-

239 4031 565 4093 gianostib010n032.
596 4099 597 4104 Ἰ
