2866 4668
1173 349 1238 420 710

1 535 3 554 ’
128 551 131 556 ·
257 517 388 588 rabone
409 513 595 586 sS.i’snio
618 516 729 598 (Rom.
749 513 784 596 8,
805 516 858 584 70.
880 522 990 604 seqq.)
1013 516 1121 584 omnis
1142 535 1240 584 eres-

1 637 2 644 *
257 613 336 672 turs
356 601 582 692 ingemiscere
603 620 644 669 ao
664 621 781 668 rursus
803 601 979 669 liberanto
1003 620 1084 670 esse
1112 599 1241 670 dicatur

259 693 330 776 (ep.
351 688 437 786 30),
467 685 511 755 de
541 685 660 839 spiritu
695 684 902 771 adoptionis,
935 685 980 753 de
1012 685 1240 774 magnitudine

258 767 1242 944 bttttttttattribuistis„stituit

259 941 398 1010 disserit
423 951 492 1029 (ep.
522 902 602 1018 36),
635 957 676 1005 ae
703 938 847 1026 denique
874 941 1029 1028 exponit,
1065 957 1125 1019 eur
1154 937 1240 1006 idem

260 1025 443 1111 Apostolus
464 1023 651 1111 scripserit,
673 1020 834 1112 Spiritum
859 1044 916 1109 pro
939 1024 1035 1092 nobis
1059 1021 1242 1112 gemitibus

257 1107 539 1190 inenarrabilibus
583 1107 734 1176 ostniare
760 1113 829 1206 (ep.
858 1112 937 1182 36).
992 1109 1083 1175 Atibi
1111 1127 1176 1195 qno
1200 1125 1243 1174 ne
1332 1189 1333 1194 Ἰ

258 1213 418 1262 summam
450 1129 617 1279 epistofae
640 1189 680 1259 S.
710 1193 806 1260 Penii
838 1195 881 1259 nd
910 1192 1078 1276 Ephesios
1105 1191 1183 1260 exbi
1228 1196 1243 1258 t

257 1289 326 1364 (ep.
349 1277 431 1357 70).
481 1277 624 1362 iusuper
650 1274 693 1342 de
714 1277 805 1361 stylo
827 1286 862 1343 et
882 1276 1015 1344 dicendi
1035 1276 1241 1356 charactere,

258 1381 356 1450 quem
386 1362 558 1459 utriusque
578 1361 786 1428 Testamenti
806 1360 1000 1447 Scriptores
1026 1362 1135 1428 seenti
1165 1361 1242 1428 iue-

258 1448 346 1527 rint,
368 1451 569 1513 sententiam
591 1462 686 1534 snam
709 1444 828 1532 promit
845 1452 880 1512 et
901 1445 1009 1512 firmat
1030 1447 1104 1529 (ep.
1126 1445 1173 1520 8.)
1195 1447 1241 1518 *).

197 1551 244 1646 ὅ)
264 1551 423 1624 Ultimum
449 1555 556 1623 locum
586 1565 751 1645 occupant
778 1557 936 1642 epistolae
957 1557 1147 1640 familiares
1174 1557 1242 1639 **),

261 1659 347 1728 qnae
372 1641 447 1708 sive
475 1640 519 1706 ad
549 1639 757 1728 Episcopus,
782 1641 859 1708 sive
888 1639 931 1707 sd
964 1639 1051 1706 aiios
1081 1639 1243 1728 quosdam

260 1728 386 1793 amieos
406 1743 488 1792 suns
507 1727 653 1812 scriptae
674 1733 740 1792 tam
763 1725 968 1811 prolixitate,
996 1741 1093 1811 qnam
1149 1727 1243 1791 ravi·

258 1817 332 1878 tate
354 1809 413 1877 reii
438 1810 490 1876 uis
512 1809 659 1892 sedunis
682 1828 745 1876 ene
774 1816 885 1876 nmen
912 1827 978 1875 non
1006 1807 1103 1874 morin
1122 1743 1245 1876 §aneti

259 1893 359 1981 bajus
379 1831 602 1991 urbanitatem
624 1894 713 1962 etin
734 1892 885 1960 bonestis
899 1893 984 1978 jocis
998 1893 1243 1991 amoenitatem,

262 1998 377 2047 verum
400 1986 500 2046 etnam
522 1979 611 2045 itlius
633 1980 790 2065 pietatem
811 1986 846 2046 et
868 1979 1109 2067 benignitatem
1134 1978 1243 2044 mani·

260 2063 382 2132 festam
404 2061 546 2131 reddunt
566 2065 655 2149 m).

1 2286 2 2298 χ
217 2207 257 2276 S.
270 2205 467 2274 Ambrosius
488 2203 589 2271 etiam
610 2189 766 2286 'tymme
786 2206 1005 2284 elucubravit,
1027 2227 1162 2294 pirorum
1185 2225 1243 2275 ar-

133 2299 326 2384 gumentum
348 2292 527 2376 praecipue
548 2288 582 2354 in
604 2287 804 2375 explicando
827 2289 962 2358 divinae
971 2291 1147 2360 Trinitatis
1170 2315 1245 2379 my·

1 2423 2 2436 2
132 2379 237 2446 sterio
264 2375 481 2452 versabatur,
511 2391 552 2438 ue
575 2391 711 2458 quorum
734 2395 815 2440 usus
835 2393 880 2441 ex
905 2375 1061 2442 enclesis·
1075 2376 1243 2444 bisdiate-

1 2465 3 2502 t
132 2462 233 2530 nensi
253 2461 288 2527 in
310 2476 427 2525 omnes
447 2455 643 2525 Occidentis
664 2457 832 2538 ecelesias
860 2477 900 2526 se
930 2459 1070 2529 tiranii.
1119 2460 1243 2548 Hymni

189 2793 221 2863 *t
240 2799 322 2852 Aliso
348 2800 483 2863 epistotae
506 2797 630 2851 bibiieee
654 2801 768 2852 minoris
795 2801 940 2863 momenti,
965 2812 1036 2864 ause
1061 2802 1090 2854 in
1114 2799 1244 2864 martiris

241 2873 459 2934 expositionibus
483 2873 646 2934 pierumque
672 2876 837 2933 versantur,
867 2874 916 2921 tiss
940 2876 1021 2923 sunt:
1054 2883 1100 2935 sp.
1118 2869 1164 2926 ot.
1190 2875 1244 2933 (ne

241 2953 343 2994 manns
358 2943 525 2994 iudaeorum
544 2942 632 2994 Exnib
655 2936 744 3003 16‚t.
765 2940 832 3001 tt),
851 2952 895 3004 ep.
915 2940 961 2994 66.
980 2941 1139 3005 (expitrsns
1158 2944 1244 2998 exos.

238 3011 286 3074 at,
304 3011 363 3074 6.),
381 3025 426 3075 ep.
446 3012 473 3066 7.
491 3013 625 3076 [mystieo
643 3012 893 3075 οιροηοιιειῧκοά.
907 3011 954 3074 30,
975 3011 1114 3076 12-16.),
1132 3025 1178 3076 ep.
1196 3013 1241 3066 66.
1302 3071 1304 3075 ,

241 3079 315 3147 (qua
332 3084 498 3146 explanatur
516 3083 603 3134 Exodi
622 3096 683 3145 cap.
700 3083 747 3136 32.
767 3084 829 3134 tere
850 3083 1028 3147 integrum),
1052 3095 1098 3145 ep·
1117 3081 1164 3136 60.
1190 3082 1244 3142 (ie

240 3154 351 3203 bainam
370 3153 484 3204 Numer.
503 3167 528 3204 o.
546 3153 692 3213 2244),
718 3165 763 3214 ep.
782 3151 828 3204 60.
847 3153 942 3214 (super
962 3153 1111 3205 Deuterou.
1131 3153 1181 3212 22,
1199 3153 1245 3214 6.,

240 3233 291 3270 eur
308 3224 363 3270 tem
381 3235 482 3272 serere
500 3223 559 3274 hex
578 3224 732 3278 immensius
756 3233 803 3270 eos
828 3223 946 3280 uixerit,
971 3223 1018 3282 qni
1044 3223 1133 3272 nitent
1160 3234 1246 3272 sexus

240 3293 388 3341 uterentur
406 3289 547 3348 restibus)
567 3296 597 3341 et
614 3305 660 3354 ep.
682 3289 726 3342 68.
746 3285 1087 3350 (superessemus,
1115 3289 1190 3346 aa).
1211 3315 1243 3328 -·
1358 3289 1365 3294 “

241 3359 404 3422 Complures
429 3373 534 3425 quoque
564 3373 600 3411 ex
623 3361 752 3422 epistolis
776 3361 941 3422 dogmaticis
966 3363 995 3408 et
1019 3360 1169 3411 moreiibus
1193 3363 1246 3412 buo

240 3433 348 3494 pariter
365 3432 468 3482 reterri
484 3439 609 3494 possent,
627 3443 687 3482 eunr
705 3430 809 3480 minito
824 3432 1014 3492 quaestionum
1031 3432 1246 3492 saguntinoru-

242 3506 272 3552 et
290 3502 436 3552 moratium
453 3503 527 3552 baut
545 3513 608 3553 raro
626 3514 643 3552 a
661 3501 730 3552 iocis
749 3501 862 3552 bibliots
881 3505 1008 3564 unquam
1035 3502 1156 3554 tontibus
1181 3514 1246 3565 pro-

243 3574 400 3637 gradietur·

89 3661 108 3690 '
170 3663 228 3732 ss)
243 3671 315 3722 Sunt
332 3673 424 3721 asten
441 3682 486 3733 ep.
506 3668 535 3720 3.
554 3666 582 3722 i·
600 3664 647 3721 08.
666 3666 712 3720 60.
731 3667 777 3720 66.
795 3666 847 3744 60.
859 3666 975 3721 85-01.

151 3761 226 3830 m)
243 3767 285 3821 Its
303 3769 434 3832 genuinis
447 3770 474 3818 s.
490 3769 627 3818 ambrosii
645 3768 772 3829 epistolis
790 3761 917 3830 rejeotss
935 3770 1019 3829 etque
1038 3767 1111 3816 inter
1127 3769 1245 3829 spnrrs'as

241 3840 347 3891 reistse
363 3841 443 3890 sons:
474 3835 566 3900 repar.
586 3837 625 3888 asi
647 3851 670 3889 s.
689 3837 830 3901 nirps‘aera
847 3835 1076 3894 Demetriadem
1097 3837 1178 3901 epist.
1205 3839 1244 3889 ait

240 3909 369 3973 sirpiaes
385 3921 508 3971 sacras,
538 3919 609 3971 quse
627 3912 751 3959 eontinet
769 3910 908 3958 instoriam
927 3911 1053 3968 martyrii
1077 3909 1106 3956 S·
1127 3913 1245 3972 Agnetis

242 3981 340 4036 tetiam
358 3991 375 4029 s
393 3981 513 4030 tter-onio
530 3978 645 4040 explosa
664 3980 804 4030 inanest.
823 3981 858 4027 sn
878 3989 902 4026 s.
922 3975 983 4029 300.
1004 3990 1030 4027 n.
1051 3975 1141 4036 ¹0th
1160 3977 1248 4046 eaor,

241 4049 280 4100 eit
298 4047 468 4102 Florianum
486 4049 554 4109 (seu
574 4047 613 4098 art
633 4047 837 4106 Ftooirraaartp
857 4048 940 4110 epist.
959 4049 994 4099 de
1013 4047 1171 4098 inreptione
1190 4049 1245 4100 Sb‘.

241 4115 378 4170 tiereasii
401 4125 428 4170 et
452 4119 584 4170 Protasii
596 4149 604 4178 ‚
628 4124 656 4169 st
681 4120 738 4172 sits
764 4119 799 4170 ste
826 4117 984 4170 tarentinae
1009 4119 1063 4168 ss.
1087 4115 1191 4168 Vitatis
1216 4125 1244 4170 et

240 4187 411 4254 Aprieotss.
447 4189 492 4241 ci.
513 4189 652 4241 simonis.
670 4191 791 4241 mantin.
811 4191 843 4240 r.
864 4192 900 4240 ii.
922 4189 1046 4251 append·
1067 4201 1093 4248 p.
1110 4184 1243 4240 itt-te.

130 4277 133 4284 ·
210 4281 214 4288 ·
241 4261 390 4312 't'ttiesront
414 4261 434 4312 Ι.
453 4273 479 4310 c.
506 4263 568 4311 Art·
589 4259 686 4314 xviv.
705 4260 752 4324 (p.
771 4257 851 4322 303).
888 4259 1003 4312 Ceittier
1027 4257 1046 4308 i.
1074 4267 1100 4309 n.
1128 4259 1186 4314 Ari.
1207 4261 1242 4311 v.

239 4343 273 4385 it.
293 4327 322 4384 8.
341 4333 382 4398 (p.
402 4328 550 4397 ott-tt).
