2948 4662
449 515 500 581 50,
532 541 571 554 -
616 497 846 566 'l'ribbachovii
877 497 1068 564 Dissertaii.
1097 495 1241 558 tresde
1270 493 1351 557 Cle.

447 606 556 659 nrente
579 586 758 652 Alexandr.
791 583 901 647 Halae
925 589 1016 651 17116.
1040 588 1094 644 4⁰..
1117 621 1159 631 -
1204 579 1240 641 Ρ.
1264 578 1353 640 Hol.

448 677 542 741 stede
565 674 605 736 de
628 669 733 732 Groot
756 668 884 748 Disput.
911 669 950 728 de
973 664 1144 727 Clemente
1169 663 1353 726 Alexandr.

448 757 643 846 philosopho
667 753 866 816 Christiano.
897 748 1086 833 Groningae
1107 753 1200 813 iana.

325 907 422 975 'litus
442 897 584 968 Flavius
604 893 761 960 Clemens
783 891 829 969 *1,
856 887 1010 956 Etbnieis
1031 886 1224 972 parentibus
1245 891 1354 956 ortus,

234 995 271 1068 'io
295 988 478 1061 domestica
500 979 751 1067 superstitione,
779 984 880 1060 atque
903 975 935 1038 in
965 971 1106 1036 omnium
1139 987 1225 1056 quae
1257 970 1351 1053 apud

240 1085 400 1152 Graccus,
424 1068 612 1157 Aegyptios
633 1069 836 1145 exterasque
858 1060 1011 1123 nationes
1035 1055 1246 1128 obtinebant,
1269 1073 1353 1139 pro-

239 1171 388 1235 fanarum
411 1155 624 1224 scientiarum
647 1145 758 1212 studio
779 1143 942 1210 educatus
964 1147 1035 1214 est,
1059 1156 1169 1224 eoque
1190 1156 1271 1203 suos
1295 1137 1353 1202 di-

239 1252 326 1318 rexit
347 1247 499 1310 conatus.
522 1243 557 1300 ut
578 1231 685 1310 omnio
706 1227 899 1314 exploraret
919 1231 954 1291 et
976 1228 1200 1310 cognosceret
1222 1221 1285 1297 ”i
1311 1221 1350 1286 ln

238 1339 302 1403 hoc
323 1334 431 1417 ipsura
453 1338 555 1408 prope
576 1317 768 1383 immensum
790 1311 935 1376 studium
958 1307 1157 1373 incumbenti
1189 1307 1348 1370 veritatis

239 1424 349 1489 lumen
372 1407 518 1478 adfulsit.
560 1401 626 1468 Ubi
648 1400 785 1485 primum
807 1395 966 1460 Clemens
989 1390 1123 1456 Christo
1146 1409 1265 1454 nornen
1288 1389 1349 1454 de-

239 1507 299 1580 dit,
320 1517 385 1567 nnn
408 1489 522 1562 minori
544 1483 653 1552 studio
677 1482 846 1547 doctrinae
861 1477 1073 1543 Christianae
1095 1475 1242 1560 penitius
1262 1490 1351 1560 cog-

240 1581 431 1656 noscendae
453 1571 601 1642 incubuit
622 1575 723 1650 atque
745 1563 982 1629 celeberrimos
1005 1559 1093 1624 illins
1127 1558 1205 1624 aevi
1239 1561 1352 1641 inagi-
1438 1581 1439 1625 i

242 1681 348 1746 stros,
371 1661 531 1732 Graecia,
553 1652 669 1732 ltalia,
691 1647 846 1724 Oriente,
868 1644 1063 1712 Palaestina
1086 1641 1173 1706 bunc
1195 1643 1228 1706 in
1251 1642 1352 1707 finem
1438 1631 1439 1704 i

241 1750 453 1846 peragratis,
486 1739 651 1810 eonvenit-
696 1733 848 1816 llcnique
885 1739 920 1794 ut
957 1729 990 1793 in
1022 1744 1125 1794 verae
1158 1725 1354 1812 theologiae
1438 1719 1439 1728 ‘

243 1837 387 1908 scientia
408 1839 443 1898 et
465 1820 718 1894 in'iroditionis
739 1814 931 1900 cognitione
954 1812 1065 1895 magis
1086 1811 1263 1896 magisque
1281 1830 1354 1896 pm.

243 1928 368 2000 liceret,
392 1909 631 1984 Alexandriam
654 1905 801 1987 perrexit
829 1898 871 1964 ad
894 1897 934 1963 S.
958 1897 1181 1970 i’onisenom,
1216 1895 1272 1979 qni
1293 1915 1354 1960 sa-

242 2027 372 2078 crarum
393 2003 427 2066 in
450 2017 493 2062 ea
519 1995 600 2058 urbe
629 1991 797 2054 literarum
827 1983 942 2047 doctor
968 1986 1058 2057 erat,
1092 1978 1204 2063 ibique
1232 1977 1353 2043 sedem

242 2092 352 2178 posuit
372 2087 457 2162 aas),
481 2077 665 2160 Presbyter
681 2067 933 2138 Alexandrinae
956 2062 1122 2130 ecclesiae
1146 2064 1255 2128 taetus
1277 2069 1356 2147 post

242 2170 407 2243 Pantaeni
428 2166 614 2230 discessum
637 2155 754 2222 eodem
776 2154 809 2217 in
832 2151 913 2216 urbe
936 2147 1079 2215 celebris
1099 2145 1240 2212 scholae
1255 2154 1353 2210 cate-

242 2261 394 2328 clieticae
415 2257 482 2315 tum
511 2245 556 2311 ad
579 2239 845 2309 Catecbumeuos
874 2251 936 2300 seu
957 2230 1138 2308 Etlinicos,
1172 2230 1229 2316 qui
1251 2228 1355 2296 Cbri·

241 2347 385 2413 atianom
406 2331 601 2420 religionem
622 2322 805 2410 amplexari
827 2323 940 2395 erant,
969 2313 1186 2394 erudiendos,
1217 2321 1287 2379 tum
1309 2314 1355 2380 sd

241 2400 1133 2582 iuniiiiaoiiitii.ieiunii-itii
1150 2399 1354 2548 inin.

242 2619 307 2666 non
331 2597 456 2662 minora
478 2581 674 2672 prudentiae
696 2584 731 2642 et
752 2569 1069 2656 circumspectionis,
1092 2586 1188 2651 qoam
1203 2567 1356 2652 insignis

241 2680 437 2751 eruditionis
459 2669 641 2752 specimina
663 2660 779 2727 edidit.
813 2657 907 2722 luter
927 2655 1000 2737 ejus
1021 2651 1201 2737 discipulos
1224 2669 1357 2717 summa

137 2777 142 2786 '
243 2765 382 2835 nominis
403 2753 597 2823 celebritate
630 2745 857 2810 inclaruerunt
879 2736 1047 2825 Origenes
1078 2745 1177 2821 atque
1203 2735 1243 2801 S.
1270 2735 1356 2800 Alc-

242 2847 372 2916 xander
393 2839 580 2924 Episcopus
602 2825 925 2906 Hierosolymitaous
947 2829 983 2887 et
1004 2822 1133 2903 litartyr
1153 2821 1227 2898 ††).
1272 2817 1356 2884 Cum

243 2925 429 3021 persecutio
451 2915 573 2984 Severi
595 2915 627 2979 in
641 2908 799 2975 Ecclesia
820 2907 975 2994 grassari
996 2907 1118 2990 eoepit,
1138 2923 1199 2970 suo
1221 2921 1264 2970 se
1288 2922 1355 2969 mu·

245 3106 454 3134 ...ι-β’·

296 3228 324 3289 1)
342 3228 419 3276 inter
436 3218 550 3270 sanctos
569 3211 696 3263 raserunt
714 3217 776 3255 eum
795 3203 940 3266 nonnulli,
958 3205 989 3252 ut
1007 3201 1173 3257 iilioaiont,
1192 3201 1263 3249 aar.
1276 3199 1356 3249 linii-

351 3299 400 3352 iet,
420 3295 454 3342 Δ.
474 3289 571 3339 Butler
589 3287 618 3332 et
636 3279 767 3338 sioiberg
786 3287 845 3324 cunr
859 3277 973 3335 antiquo
991 3273 1109 3322 usuardi
1129 3271 1356 3333 martyrologto3

348 3369 392 3418 ast
410 3357 639 3421 martyrologium
659 3353 807 3402 nemaeum
827 3357 888 3394 euni
907 3351 1042 3405 tamquam
1056 3345 1186 3392 sanetum
1204 3353 1258 3390 non
1279 3343 1356 3390 reei-

347 3440 405 3500 pit,
429 3428 509 3492 eujus
526 3431 570 3478 rei
588 3426 712 3474 rationes
731 3419 820 3466 tusius
839 3418 952 3475 exponit
970 3416 1142 3462 doctissimus
1161 3413 1192 3459 1).
1212 3412 1354 3460 Benedtc-
1438 3417 1439 3478 p

347 3515 392 3557 tus
411 3503 487 3556 lth.
515 3501 543 3548 in
567 3507 618 3544 sua
636 3491 839 3541 Constitutione
866 3488 901 3534 de
925 3485 1007 3534 Noua
1024 3481 1207 3544 martyrolog.
1237 3481 1354 3530 Bouiani
1438 3479 1439 3484 ’

347 3579 469 3628 editione
495 3566 612 3631 praefixa
631 3572 697 3611 sone
715 3557 896 3619 martyrolog.
922 3555 1001 3602 ltorn.
1022 3553 1140 3602 editioni
1164 3563 1193 3600 n·
1216 3547 1352 3600 19-36.
1438 3537 1439 3548 ²

350 3673 377 3686 -
399 3646 439 3692 Da
458 3643 579 3700 ternpore
598 3637 627 3683 et
645 3634 705 3681 ioco
724 3625 786 3690 ejus
805 3627 968 3684 nativitatis,
987 3635 1068 3685 qtitiiti
1087 3623 1137 3671 aiii
1152 3631 1214 3669 euru
1225 3621 1353 3670 alexau-
1438 3667 1439 3682 ,

347 3715 471 3767 erinon,
491 3711 542 3757 aiii
561 3705 760 3755 Atheniensem
775 3695 835 3759 joni
852 3697 917 3746 eiua
936 3697 1075 3754 dixerint,
1101 3693 1159 3742 vid.
1178 3692 1303 3752 [iamper
1321 3691 1352 3737 Ρ.

348 3785 399 3834 Ν.
419 3796 446 3842 p·
463 3775 579 3830 58-61.

277 3877 324 3941 Μ’)
341 3879 444 3932 Euseb.
464 3877 595 3934 Praepar.
615 3866 752 3928 Evangei.
771 3863 821 3912 lin.
841 3861 867 3912 1.
886 3873 913 3910 ο.
932 3861 961 3913 2.
990 3859 1078 3919 (adii.
1098 3859 1186 3908 Paris·
1207 3871 1235 3917 p.
1254 3854 1319 3912 61.)

260 3975 435 4037 1111010111.
454 3975 556 4022 Strom.
574 3967 625 4015 lib.
646 3965 667 4012 1.
694 3974 720 4009 c.
744 3963 768 4010 1.
787 3957 833 4019 (i'.
852 3961 874 4007 1.
893 3971 920 4020 p·
940 3957 992 4008 322
1004 3985 1030 3996 -
1044 3955 1080 4010 23
1098 3959 1128 4006 et
1145 3969 1173 4018 p.
1192 3949 1270 4015 3211.)
1310 3953 1356 4002 Ct-

348 4045 451 4096 Euscb·
473 4043 522 4091 iib.
542 4038 569 4089 5.
590 4047 616 4085 c.
639 4036 681 4084 11.

251 4153 254 4156 ·
295 4143 324 4208 ’si
344 4143 447 4263 apusella
475 4139 524 4190 tib.
551 4133 579 4185 6.
604 4143 630 4183 ο.
655 4128 683 4182 6.
719 4129 749 4178 S.
768 4127 930 4190 ilieronym.
954 4127 989 4176 dc
1019 4124 1089 4176 ciris
1115 4121 1220 4172 illustr.
1250 4133 1277 4172 c·
1306 4117 1354 4170 38.

349 4227 364 4264 e
394 4225 431 4262 a.

278 4311 330 4375 iii
348 4310 449 4364 ausen.
470 4306 520 4357 nu.
539 4301 567 4354 o.
587 4313 613 4353 c.
635 4295 677 4351 ri.
