2886 4660
228 319 270 383 Aa

227 481 425 572 singillatim
452 479 567 555 sumti,
602 496 674 545 eam
704 476 892 544 reverentia
914 473 1063 562 quidem,
1092 475 1153 542 sed
1176 483 1212 544 ut
1231 477 1342 545 laomi-

229 588 291 636 ues
320 587 392 636 carm
421 563 552 630 delectu
580 569 678 662 atque
703 562 839 646 judicio.
890 559 984 642 Qraod
1008 563 1037 626 si
1059 562 1134 646 quis
1156 562 1256 629 aliter
1277 585 1342 629 sa·
1424 590 1425 640 1

229 654 294 740 pit,
327 669 390 717 aec
411 648 505 714 sonis
523 647 670 713 consiliis
692 645 893 732 adquiescit,
927 644 979 711 hic
996 645 1065 729 Jarn
1089 665 1154 710 aon
1177 645 1245 712 88.
1269 649 1341 714 l'a-
1424 651 1425 670 ³

229 745 314 802 tram
338 734 518 820 religione,
539 730 602 797 sed
624 731 804 816 suiipsius
827 746 937 794 amore
960 731 1107 814 capitur,
1134 737 1168 795 et
1189 731 1252 796 sula
1275 751 1342 798 re-

228 829 334 888 terum
359 820 488 886 Patruru
516 817 648 881 aorniue
676 833 782 882 novas
812 813 1018 898 opinationes
1045 813 1205 880 invehere
1232 834 1342 881 cona-

230 912 303 984 tur,
324 905 357 984 ⁴⁵)
390 919 453 967 neo
475 900 552 965 leve
575 900 665 965 subit
688 898 881 974 discrimen,
913 899 944 962 in
975 915 1117 986 magnos
1140 899 1342 986 quandoque

230 1006 379 1066 errores,
410 985 488 1050 idei
509 986 607 1050 etiam
631 983 812 1061 aduersos,
838 980 1037 1046 incurrendi.
1081 983 1201 1048 Merito
1224 984 1341 1068 itaque

230 1074 268 1139 P.
306 1068 499 1137 Alexander
532 1067 626 1132 Vlll.
657 1067 744 1132 hauc
772 1065 973 1133 seutentiam
1002 1065 1190 1132 damnauit:
1243 1068 1341 1151 „Ubi

230 1157 305 1238 qais
334 1153 500 1220 inuenerit
528 1150 709 1218 doctrinam
740 1151 774 1216 iu
803 1151 993 1236 Augustino
1025 1150 1117 1217 clarc
1153 1151 1341 1228 iuudatam,

229 1241 320 1306 illam
350 1237 503 1304 absolute
530 1241 641 1320 potest
667 1241 783 1301 tencre
811 1240 846 1299 et
867 1235 1006 1311 docere,
1035 1251 1101 1300 uon
1128 1235 1340 1319 respiciendo

231 1324 274 1390 ud
297 1324 395 1389 uallum
418 1319 588 1386 Pontinus
611 1317 782 1384 Bullam.“
804 1320 861 1399 11)
912 1316 1037 1398 Quodsi
1060 1318 1093 1383 id
1116 1319 1210 1384 valet
1232 1319 1274 1385 de
1297 1319 1340 1386 S.

232 1409 440 1492 Augustino,
467 1405 522 1490 qui
551 1403 593 1468 ad
623 1403 812 1469 miraculum
842 1421 947 1489 usque
976 1403 1166 1469 acutissimo
1199 1405 1341 1489 ingenio

231 1487 305 1559 crat
325 1493 505 1556 instructas
528 1496 657 1554 etcum
678 1487 796 1554 eximia
818 1487 985 1553 literarum
1008 1487 1125 1573 peritia
1154 1490 1342 1572 coniunxe-

230 1583 286 1643 rat
317 1574 529 1661 praecipuum
567 1571 701 1656 pietatis
733 1571 897 1651 studium,
932 1571 1052 1656 quique
1084 1572 1208 1660 insigni
1243 1573 1339 1638 titulo

232 1660 433 1755 „Ecclesiae
455 1656 608 1753 [lactoris
630 1653 761 1753 eximii‘
782 1655 1026 1752 condecqratus
1048 1663 1120 1734 cst,
1143 1655 1244 1722 multo
1268 1675 1340 1722 ma·

231 1742 353 1908 ecla
620 1740 803 1910 ercan
820 1740 991 1890 atra
1020 1739 1117 1890 aa
1125 1746 1341 1904 aaran

233 1913 334 1978 marlto
356 1910 456 1976 etiam
480 1909 590 1996 magis
612 1908 791 1974 universae
810 1907 985 1974 Ecclesiae
1006 1926 1142 1974 sensum
1163 1917 1200 1976 et
1221 1909 1341 1974 deani-
1427 1884 1428 1968 l

230 1997 353 2061 tionem
376 1996 593 2058 observemus
617 2010 760 2060 necesse
782 1996 844 2057 est
888 1991 1042 2077 „ltlagis“
1065 1992 1168 2071 enim,
1190 1999 1225 2058 ut
1247 2001 1341 2059 recte

233 2081 280 2143 ait
302 2077 340 2143 8.
363 2076 509 2140 Thomas
534 2075 701 2160 Aquinas,
731 2074 906 2158 „standum
930 2083 984 2142 cst
1005 2078 1193 2142 auctoritati
1215 2077 1340 2144 Eccle-

232 2163 324 2239 siae,
353 2178 449 2244 quom
471 2160 658 2224 auctoritati
681 2159 735 2223 rel
762 2161 809 2224 Au
840 2160 964 2236 ustiai,
993 2159 1047 2226 vel
1069 2161 1263 2246 Hieronymi
1284 2161 1339 2226 vol

233 2245 458 2328 cujrrseunque
480 2240 668 2308 Ductoris.“
688 2244 762 2323 m)
806 2179 933 2326 5u0dsi
955 2263 1038 2332 ergo
1060 2263 1143 2312 vere
1163 2247 1340 2332 aliquando

232 2329 409 2426 quidquam
438 2345 460 2391 a
488 2325 554 2392 sade
576 2324 751 2393 Catholica
780 2327 904 2394 traditu
926 2328 1069 2396 alienum
1097 2329 1284 2396 inveniatur
1306 2331 1341 2395 iu

234 2430 385 2498 quopiam
406 2410 444 2477 S.
468 2411 589 2490 Patre,
612 2431 784 2497 ¹nunquam
805 2431 905 2478 uuum
927 2412 1099 2500 praeferre
1118 2414 1196 2480 licet
1216 2414 1341 2480 ceteris
1428 2499 1429 2502 Ἴ

233 2498 383 2563 omnibus
405 2503 462 2562 aut
484 2496 554 2562 iere
577 2495 735 2562 omuibus.
757 2500 792 2576 †)
815 2537 856 2548 -
898 2497 1015 2584 ltaque
1038 2517 1081 2564 ex
1102 2498 1340 2597 approbatione
1428 2573 1429 2584 ἵ

232 2581 410 2648 Ecclesiae
444 2579 596 2666 generali
628 2579 736 2665 quoad
769 2579 837 2650 88.
860 2581 979 2647 Patres
1006 2581 1232 2648 certitudinem
1255 2582 1341 2648 tide-

231 2664 284 2730 les
306 2667 484 2740 lucrantur,
506 2665 598 2728 viros
612 2664 707 2742 istos,
730 2684 865 2748 quorum
887 2666 1014 2753 scripta
1036 2665 1077 2732 alr
1097 2665 1253 2732 Ecclesia
1276 2685 1342 2752 ap·

232 2746 989 2900 titlttt‘attllltttllatratti
1015 2749 1245 2901 1111111
1268 2749 1343 2900 ἳῗὶ

231 2913 415 2992 mansisse,
438 2910 573 2979 eosdem
597 2913 702 2981 iuuisse
724 2916 815 2983 virus
837 2925 994 2996 sanctos,
1026 2855 1191 3006 aliquado
1220 2855 1341 2984 aurium

231 2998 374 3063 scientia
395 3004 431 3064 et
453 2996 603 3063 doctrina
625 3017 725 3065 sacra
746 3002 894 3099 apprime
916 3001 1080 3081 eruditus,
1109 3021 1169 3068 eos
1192 2937 1343 3088 {cuique

231 3087 340 3148 testes
361 3100 442 3148 esse
465 3079 635 3149 doctrinae
660 3103 680 3149 a
701 3081 835 3151 Christo
866 3091 1027 3172 acceptae
1057 3094 1091 3152 et
1118 3087 1160 3152 ala
1184 3085 1344 3152 Ecclesia

230 3183 365 3251 semper
386 3173 421 3232 et
443 3166 561 3253 ubique
582 3165 727 3233 traditae
749 3168 836 3234 omui
858 3169 925 3236 sude
948 3169 1082 3259 dignos.
1133 3169 1344 3256 Quapropter

231 3256 267 3316 ut
300 3251 499 3318 auctoritate
531 3251 737 3335 singulorum
777 3253 910 3320 Patrum
949 3260 1042 3321 recte
1078 3261 1189 3320 utatur
1228 3253 1342 3320 tidelis

230 3334 352 3416 lector,
380 3335 535 3413 eosdem,
563 3337 758 3419 praesertim
780 3336 836 3403 ubi
858 3336 901 3404 dc
922 3337 988 3404 tide
1008 3337 1133 3425 aliquid
1161 3356 1241 3405 esse
1269 3343 1344 3404 tes·

230 3426 361 3500 tantur,
390 3439 454 3486 uec
480 3418 579 3485 facile
607 3416 766 3486 deserere
790 3421 870 3488 lieet
898 3421 1026 3508 alasque
1048 3421 1262 3512 gravissimis
1284 3439 1344 3486 ra-

230 3503 394 3584 tionibus,
422 3521 530 3588 ueque
559 3505 686 3569 tautum
714 3503 859 3593 siugulis
887 3505 1040 3590 deterre,
1068 3516 1105 3573 ut
1134 3507 1231 3573 unius
1254 3505 1345 3572 alte-

234 3671 443 3688 ᾖ

283 3764 315 3825 *)
333 3770 362 3818 s·
381 3771 513 3821 vincent
532 3771 622 3822 hirta·
641 3764 803 3824 commouit.
824 3788 849 3826 ο.
869 3775 896 3828 1.

266 3861 310 3922 ”J
330 3867 483 3925 propositio
503 3870 633 3918 damnata
650 3883 680 3921 u.
698 3871 744 3924 30.
764 3873 799 3924 ab
809 3874 970 3926 Alexandra
982 3875 1060 3926 vill.
1097 3875 1129 3924 Ρ.
1150 3876 1263 3925 decreto
1281 3875 1345 3922 edt-

336 3938 364 3983 ro
383 3937 409 3989 7.
430 3939 561 3988 novemb·
583 3937 661 3990 1690.

247 4023 317 4087 aaa)
337 4032 366 4080 S·
386 4035 502 4086 'rhomae
519 4039 623 4101 Aqutu.
642 4039 678 4087 11.
698 4038 725 4090 2·
745 4051 772 4102 q.
795 4038 837 4091 10.
858 4044 920 4092 Art.
943 4041 985 4093 12.
1022 4043 1099 4092 liaeo
1117 4043 1215 4091 eadam
1234 4042 1279 4089 eat
1298 4040 1345 4100 tp-

335 4103 394 4152 stua
414 4106 561 4169 augustant
579 4111 730 4168 sententia,
749 4113 780 4160 ut
797 4114 874 4172 patet
892 4123 928 4161 ex
946 4112 997 4162 lib.
1017 4114 1052 4162 de
1071 4113 1209 4162 catectrta.
1229 4111 1346 4160 rudibus

336 4183 363 4222 rr·
387 4173 430 4226 11.
450 4181 479 4226 ot
496 4180 530 4228 de
550 4179 683 4240 trepttsmo
700 4183 797 4232 contra
816 4181 916 4232 nouat.
936 4183 986 4232 111.
1007 4183 1070 4232 vlt.
1092 4194 1119 4232 a.
1142 4183 1166 4232 1.

271 4259 312 4325 ·†l
330 4269 359 4320 S·
380 4273 525 4337 Angustia.
545 4289 570 4326 c·
590 4277 697 4328 Juttan.
718 4277 740 4326 Ι.
760 4279 780 4330 1.
800 4289 828 4326 ιι.
847 4277 892 4328 13.
999 4265 1002 4274 ¹
