2948 4662
1127 275 1133 284 ’
1215 305 1279 372 eoa

170 416 306 560 qnando
327 471 493 557 norihoote
516 470 715 560 disciplinae
736 472 985 560 philosophicae
1020 473 1149 562 prosint
1174 473 1218 540 ad
1239 471 1278 540 S.

168 561 417 644 Scriptorarnn
440 559 689 642 expositionem.

255 669 400 752 Reliqua
422 665 535 754 (lpero
556 666 727 758 (ingenis,
749 685 835 755 qnae
857 669 954 736 morlo
977 673 1107 752 extant,
1138 673 1277 756 quatuor

167 761 259 832 eunt,
283 753 429 819 scillcetr

236 877 278 971 1)
305 859 419 942 Ltlrt
453 871 537 940 nelo
568 873 706 941 coalrn
742 859 904 943 Celsum.
958 877 1073 950 Conso
1109 881 1278 950 scribendi

297 967 419 1033 Celeus
443 967 512 1043 luit,
537 963 752 1053 philosophos
765 970 794 1034 Ε
807 970 962 1050 ricarene,
984 969 1039 1053 nari
1054 963 1278 1033 Christianam

298 1053 359 1116 reli
390 1052 495 1116 ionem
518 1051 776 1138 impugnaverat
797 991 898 1132 libro,
924 1053 975 1118 cni
998 1050 1125 1117 titolum
1149 1052 1279 1117 lecerat

295 1071 418 1219 elpha-
439 1127 542 1214 λόγος,
565 1154 658 1218 qoem
671 1132 850 1225 OrigeneS,
867 1139 936 1220 jam
958 1137 1036 1203 licet
1057 1135 1180 1202 eviris
1194 1135 1304 1200 θιὼ--

298 1220 365 1284 lato
378 1218 490 1298 Celso,
512 1219 745 1284 confutandum
769 1224 930 1306 suscepit,
949 1241 1075 1286 summa
1097 1238 1278 1306 argumen-

298 1311 402 1368 torum
425 1304 469 1378 ri,
492 1299 647 1388 quilqnirl
671 1301 715 1369 nd
730 1303 943 1371 Christianae
964 1302 1138 1391 religionis
1159 1302 1277 1368 delen·

296 1389 423 1452 sionem
447 1394 482 1450 et
504 1387 818 1454 commendationem
841 1389 874 1454 in
897 1389 1036 1454 medium
1059 1387 1200 1473 proferri
1216 1405 1278 1471 pn·

295 1472 368 1551 tuit,
389 1471 497 1536 solide
519 1476 554 1534 et
574 1471 752 1558 eleganter
774 1491 958 1557 exponens.

232 1591 279 1688 2)
300 1579 420 1658 Liber
453 1583 500 1658 de
534 1577 718 1659 Oratione
750 1601 853 1686 primo
884 1597 1016 1688 quidem
1054 1595 1097 1667 de
1127 1599 1275 1666 oratione

295 1685 482 1770 generatim
505 1685 596 1772 ogit,
620 1689 713 1769 anne
735 1685 920 1766 notionem,
941 1685 1144 1765 efficaciam,
1175 1703 1275 1768 prae·

296 1767 517 1854 parationem,
537 1774 668 1853 tempas
690 1775 724 1836 et
746 1777 905 1834 externae
927 1767 1213 1842 circumstantias,
1236 1784 1276 1830 ae

295 1852 391 1917 varia
412 1871 541 1939 genera
561 1853 717 1940 exponit3
746 1851 824 1918 dein
846 1871 926 1920 vcro
956 1853 1140 1918 orationem
1172 1851 1278 1918 domi-

296 1938 403 2001 nicam
425 1933 596 2022 explanat.
1062 1975 1081 1988 -

234 2059 279 2150 3]
301 2047 540 2124 Epaminon
580 2050 633 2124 all
669 2046 910 2147 Martyrium
945 2083 1027 2132 vere
1053 2084 1187 2132 aureum
1219 2071 1274 2129 est

295 2149 504 2234 opusculum,
541 2168 604 2234 nno
626 2151 751 2215 motiva
772 2153 878 2215 omnia
902 2149 945 2214 erl
969 2151 1155 2235 martyriam
1178 2149 1276 2212 forli-

294 2241 346 2298 ter
379 2233 587 2300 enbeanilum
622 2234 765 2301 terrenti
797 2242 831 2300 et
864 2234 964 2321 gravi
992 2235 1140 2300 oratione
1170 2233 1274 2298 amico

293 2335 356 2383 eno
378 2318 412 2382 in
434 2315 576 2384 vinculis
597 2317 734 2384 detento
757 2319 799 2384 ob
821 2319 936 2384 oculos
957 2319 1059 2404 ponit

232 2441 278 2532 4]
304 2431 414 2507 Libri
445 2439 610 2532 qualitor
645 2457 725 2528 περι
758 2429 892 2528 α’ρχων
924 2455 1075 2532 systema
1108 2444 1273 2529 quoddam

295 2533 472 2598 aniversae
493 2532 715 2622 'l'heolngiae‚
736 2531 846 2616 qualis
868 2537 947 2596 trroc
967 2536 1058 2610 erat,
1086 2529 1276 2606 continent;

296 2615 380 2681 liber
400 2624 537 2700 quartae
561 2635 641 2682 vero
665 2617 796 2701 proprie
822 2616 911 2680 circe
933 2613 1210 2679 Hermeneuticen
1234 2610 1274 2674 S.

294 2695 489 2786 Scriptorae
508 2705 688 2786 occupatur
709 2701 753 2770 *1.
784 2699 822 2764 ln
845 2699 907 2766 hoc
929 2705 1038 2764 tamen
1061 2698 1155 2772 libro,
1177 2714 1273 2780 quern

287 2783 428 2864 juvenili
460 2781 569 2850 adhoc
601 2789 713 2850 aetate
739 2784 893 2871 scripsit,
925 2801 1056 2849 errores
1078 2777 1276 2867 origeniani

292 2869 497 2954 potissimum
521 2868 742 2935 eontinentur.

252 2977 420 3067 Origenes
457 2979 568 3046 multis
604 2980 636 3044 in
667 2981 768 3046 rebus
801 2979 971 3046 aberravit
1002 2997 1025 3043 a
1045 2978 1204 3075 acritate
1237 2975 1277 3039 li-

168 3060 224 3128 dei
247 3065 321 3148 ”lg
342 3065 436 3132 illins
459 3073 568 3132 antem
590 3083 736 3132 errorum
758 3063 835 3132 lone
857 3071 940 3143 erat,
961 3063 1123 3142 studium,
1147 3078 1278 3146 praecr-

221 3393 254 3458 *J
273 3398 398 3451 Eundem
416 3405 576 3469 sermotiem
596 3408 668 3458 lllrer
686 3412 800 3470 qoartm
814 3415 877 3473 nepa
889 3398 989 3471 ἄρχων,
1001 3415 1110 3463 neopum
1126 3400 1272 3463 offleflxssm

271 3471 356 3521 tanet
374 3472 503 3538 oetgeate
520 3473 703 3536 Philocaliar
728 3479 801 3527 liber
820 3481 873 3527 lete
890 3479 1028 3528 aelectum
1047 3469 1186 3536 (triopae)
1206 3483 1274 3523 eiro-

273 3543 347 3590 tlnet
362 3549 551 3606 potationum
571 3553 601 3598 et
617 3551 803 3607 anlntlonnan,
828 3559 900 3610 qnae
919 3549 1061 3608 pertinent
1078 3545 1112 3592 ad
1132 3545 1161 3590 s.
1180 3545 1275 3600 Scrip-

272 3616 377 3674 turam,
397 3621 425 3664 et
443 3629 479 3666 ex
497 3621 586 3668 vorti·
603 3619 685 3668 llhrta
703 3620 738 3668 ab
756 3618 880 3681 Origene
895 3618 1053 3677 elaboratio,
1071 3615 1221 3676 praecipue
1240 3623 1275 3667 err

270 3681 352 3732 llirle
375 3690 471 3736 contro
489 3687 599 3738 celenna
626 3691 656 3737 et
680 3699 744 3754 περι
762 3681 871 3755 ἄρχων,
895 3686 1031 3738 collectura
1056 3689 1099 3734 eat
1123 3697 1141 3734 a
1165 3685 1275 3734 Sanctia

271 3752 407 3815 Gregorio
429 3757 611 3816 Naatanaeno
633 3762 662 3808 et
685 3760 790 3810 Basilio
815 3759 855 3808 ll.
873 3760 933 3808 vin.
953 3761 983 3808 ε.
1002 3759 1123 3820 eonor.
1143 3754 1275 3804 Noniano·

270 3833 315 3884 ep.
338 3825 399 3873 115.
422 3853 448 3867 -
488 3829 519 3876 ln
544 3829 594 3877 loo
612 3829 794 3890 collectione,
820 3840 891 3893 qnae
915 3832 1024 3890 proprie
1051 3839 1106 3876 non
1131 3827 1175 3872 ert
1201 3822 1276 3881 opu·

269 3891 412 3954 orizonte,
431 3897 519 3946 multa
537 3892 609 3947 alteia
627 3903 674 3948 eut
692 3904 814 3960 omnino,
833 3903 882 3949 ant
899 3899 998 3948 saltem
1014 3901 1091 3948 textu
1107 3905 1209 3958 graeco
1226 3895 1275 3940 ‹lo-

270 3965 382 4022 perdtta
400 3967 481 4015 nante
500 3967 622 4017 fideliter
639 3973 782 4020 conservata
800 3971 891 4020 tuere.
944 3969 1019 4018 lirlln
1037 3981 1080 4028 gr.
1100 3967 1127 4014 et
1145 3963 1194 4014 lat.
1214 3975 1275 4010 earn

269 4030 499 4086 nortemanni.
519 4037 609 4087 l’arla.
621 4033 698 4090 1618.
711 4039 864 4098 (etiterum
881 4035 1029 4100 tonilla,
1047 4037 1093 4089 eil·
1113 4048 1173 4086 enm
1193 4033 1275 4080 libri·

268 4106 365 4153 contra
377 4105 488 4156 Celsum
504 4105 673 4169 esperone
685 4107 882 4172 Cantahrlgtae
900 4105 978 4162 1658.
996 4103 1061 4170 4⁰0,
1092 4118 1183 4155 reeas.
1205 4101 1273 4150 thiat·

271 4167 349 4225 1677.
367 4171 411 4226 cl.
430 4175 459 4226 J.
479 4179 514 4228 Δ.
534 4179 645 4230 Fehrlc·
666 4179 794 4230 ltlhlloth.
814 4179 916 4230 Graec.
936 4177 1002 4230 Vol.
1018 4177 1080 4230 Vll.
1100 4189 1128 4238 p·
1140 4169 1273 4225 221-22·

198 4256 245 4324 ”l
264 4267 304 4318 lle
322 4270 455 4335 ortpenia
473 4276 601 4329 doctrina
619 4279 679 4330 rlrl·
696 4278 816 4341 lonmper
841 4277 872 4326 Ρ.
890 4277 941 4329 lx.
968 4289 997 4339 p.
1014 4273 1067 4328 281
1090 4283 1171 4333 nent·
1208 4261 1278 4333 llio·
