2880 4660
109 479 177 526 cnm
201 456 375 544 Episcopo
398 463 499 541 atnoe
520 456 553 521 iu
576 455 714 523 caritate
737 457 777 521 ad
806 459 959 534 maiorem
982 457 1045 526 Ilei
1076 461 1218 546 gloriam

110 551 221 630 agant.

186 651 361 740 Singulae
390 651 472 716 illae
500 657 628 737 septem
658 652 822 738 epistolae
841 654 1068 720 saluberrimis
1097 657 1217 741 plenae

110 743 182 803 mant
204 735 418 824 praeceptis,
441 753 502 800 uec
524 755 589 800 non
613 737 796 802 utilissimis
819 737 1121 824 adhortationibus3
1145 761 1217 808 ma-

112 825 192 888 xime
214 822 345 908 dignae
369 827 449 884 stant
462 817 650 884 Christiano
667 821 833 907 Episcopo
854 830 889 887 et
905 823 1066 908 Martyre‚
1090 833 1218 892 nnetio-

114 927 153 972 ne
174 925 211 971 ac
232 909 362 992 pietate
385 902 542 968 refertae.
589 905 638 968 l'dx
662 905 778 970 iisdem
803 906 900 989 plane
922 909 1042 986 elucet,
1057 906 1217 976 Sanctum

115 991 194 1056 hunc
213 991 288 1055 zelo
312 1008 454 1074 prorsus
478 987 590 1052 divino
613 987 758 1054 aitlatum
788 1009 868 1054 esse
889 992 932 1055 ad
953 992 1135 1058 'animarum
1158 1014 1218 1060 sa-

116 1077 217 1148 lutem,
239 1074 373 1139 Christi
398 1072 484 1158 legis
507 1071 772 1138 observationem
794 1081 829 1139 et
850 1076 922 1158 ejus
947 1075 1118 1143 doctrinae
1141 1098 1217 1144 con·

115 1160 340 1224 servationem.
386 1153 597 1241 Quapropter
619 1158 783 1242 epistolae
804 1159 892 1224 istae
914 1163 1160 1227 venerationem
1184 1172 1219 1228 et

116 1243 358 1308 admirationem
383 1259 495 1305 eurum
518 1241 658 1305 omnium
681 1251 854 1318 rotarentur,
878 1243 933 1328 qrri
956 1246 1090 1329 pictatis
1113 1247 1217 1312 libros

116 1327 315 1392 seraverat
340 1323 552 1412 profitentur,
575 1345 647 1390 crim
670 1326 703 1390 in
726 1327 874 1391 omnibus
896 1329 968 1410 ejus
990 1329 1103 1395 verbis
1126 1351 1218 1396 amor

117 1415 146 1476 in
166 1410 349 1486 Christum,
375 1409 499 1474 caritas
521 1410 554 1472 iu
578 1409 718 1488 iratres,
746 1411 942 1496 disciplinae
964 1414 1217 1482 ecclesiasticae

116 1495 268 1573 modium,
301 1501 339 1559 et
374 1493 510 1558 unitatis
543 1513 668 1558 summa
705 1495 891 1559 aestimatio
921 1499 1147 1582 resplendeat.
1177 1535 1217 1548 -

117 1579 231 1662 stylus
256 1597 372 1644 carum
401 1579 628 1642 sententiosas
660 1579 823 1644 brevitate
852 1587 886 1645 et
915 1582 1049 1646 concisa
1075 1583 1216 1666 quadam

116 1683 153 1729 no
174 1666 227 1728 vix
248 1683 318 1728 uon
342 1661 483 1746 abrupta
506 1661 651 1727 dictione
674 1663 818 1744 insignis
841 1671 904 1740 est,
926 1667 958 1728 in
980 1684 1086 1750 eoqrte
1110 1666 1218 1733 Grae·

116 1767 171 1814 cae
193 1749 334 1837 linguae
357 1748 483 1829 puritas
514 1752 548 1811 et
578 1743 755 1834 elegantia
772 1746 861 1812 haud
889 1767 963 1812 raro
991 1747 1217 1832 desideratur3

117 1833 194 1919 quod
224 1852 324 1897 nemu
353 1831 538 1908 mirabitur,
574 1831 628 1916 qui
658 1832 764 1896 animo
790 1831 937 1910 recolat,
967 1830 1004 1896 S.
1035 1833 1243 1916 Martyrum,

118 1918 328 2002 probabiliter
349 1913 472 1998 Syrum
496 1913 617 1992 tuisse,
640 1933 703 1980 noo
726 1915 902 1992 Graecum,
924 1917 1075 2000 adeoque
1097 1917 1219 2002 Syria·-

118 2021 184 2066 cnm
205 2003 317 2090 magis
342 1999 464 2065 idioma
486 1999 655 2064 calluisse.
700 1998 869 2089 Dogmata
890 2001 991 2066 multa
1012 2004 1045 2066 in
1069 2001 1121 2068 his
1144 2005 1219 2088 epi-

117 2087 207 2152 stolis
229 2094 447 2162 asseruntur,
472 2084 672 2170 praecipue:

180 2191 218 2287 l]
244 2199 355 2262 Solam
368 2195 472 2274 stolam
495 2195 610 2276 (idapem
632 2195 773 2259 raritate
794 2197 922 2262 tnt'nt'me
942 2197 1095 2279 sufficere
1110 2202 1219 2264 udan-

239 2284 355 2344 brtem:
377 2279 496 2366 ‚,sirrrt
518 2279 670 2345 intideles
693 2279 804 2345 mundi
826 2280 939 2364 hujus,
970 2284 1016 2347 ita
1038 2283 1156 2349 tideles
1184 2287 1219 2352 in

240 2366 403 2430 charitate
427 2363 489 2430 [lei
510 2365 621 2429 Patris
644 2363 870 2430 characterem
893 2384 952 2450 per
973 2367 1090 2432 desum
1121 2367 1219 2432 Citri-

243 2457 329 2515 stum
350 2450 381 2513 in
403 2468 441 2514 se
463 2448 628 2535 portant.“
671 2447 811 2528 „Omnia
835 2450 920 2513 bona
946 2455 1040 2534 spot,
1063 2450 1158 2514 modo
1186 2453 1220 2516 in

245 2533 406 2598 charitate
427 2531 605 2599 credatis.“
646 2533 859 2618 „Religionis
880 2551 1008 2596 stamma
1036 2533 1162 2598 residet
1186 2535 1220 2598 in

247 2617 314 2682 tide
334 2625 367 2682 ct
389 2620 548 2693 caritate,
571 2617 689 2703 quibos
712 2617 794 2681 nibil
817 2617 1042 2702 praestantius
1054 2616 1075 2653 “
1097 2617 1221 2701 „Fides

244 2721 307 2768 nos
328 2723 455 2768 sorsum
479 2702 590 2767 trahat
612 2702 653 2767 ad
678 2701 803 2777 ileum,
826 2701 950 2767 caritas
975 2720 1054 2766 vero
1077 2706 1134 2767 via
1155 2709 1220 2778 est,

242 2805 328 2874 quae
350 2785 486 2854 deducit
509 2788 550 2852 ad
564 2785 711 2870 Dcum;“
734 2785 840 2870 „biles
861 2793 914 2851 est
935 2786 1072 2864 initium,
1095 2789 1220 2853 caritas

240 2891 322 2938 vero
343 2873 419 2937 bnis
442 2872 533 2937 vitae
556 2891 635 2938 rere
653 2869 896 2938 Christianae.“
920 2872 1136 2954 „Haereticos
1159 2892 1222 2938 au-

239 2963 305 3106 dem
329 2957 406 3077 ind‘f
423 2975 597 3077 possumus
610 2975 826 3044 cognoscere,
841 2955 925 3040 quod
942 2958 1114 3024 caritatem
1128 2957 1222 3024 tlocci

257 3041 376 3106 aciont.
449 3049 463 3118 )

179 3147 224 3237 2')
251 3153 299 3218 Dc
320 3153 407 3215 reoli
426 3153 675 3236 praesentiali.
701 3151 745 3218 N.
767 3151 844 3215 lesa
870 3151 991 3214 Christi
1012 3151 1127 3218 ireos.
1151 3151 1221 3215 Ea·

242 3238 420 3301 cloriur'ae
441 3247 638 3299 alteramenta
662 3239 725 3302 ait:
770 3233 962 3322 „Haeretici
995 3235 1037 3300 ab
1060 3234 1222 3300 Euchari-

240 3322 308 3387 stia
330 3326 365 3385 et
385 3323 534 3385 oratione
556 3321 741 3399 abstineut,
764 3340 803 3386 co
826 3317 911 3405 quod
941 3337 1006 3383 non
1039 3318 1224 3386 contitean-

245 3413 300 3471 tur
321 3403 555 3470 euchoristiam
570 3424 702 3470 carnem
720 3425 797 3470 esse
812 3403 1004 3470 Salvatoris
1021 3403 1125 3468 nostri
1136 3403 1223 3468 Jesn

241 3489 379 3566 Christi,
402 3508 487 3574 quae
509 3507 566 3575 pro
589 3489 884 3573 peccatisnostris
906 3507 1010 3572 passa
1032 3493 1094 3565 est,
1111 3505 1223 3574 qnam·

241 3593 308 3660 que
341 3573 443 3670 Pater
479 3573 686 3670 benignitate
718 3573 999 3670 suansascitavit.
1045 3568 1108 3653 Qut
1139 3591 1223 3660 ergo

243 3657 477 3782 contradicunt
509 3657 585 3724 horo
618 3657 704 3724 dono
734 3657 816 3738 Iler,
849 3656 1053 3724 altercantes
1079 3658 1223 3724 moriun-

241 3749 307 3808 tur.
391 3749 426 3820 )·

120 3915 330 3932 ψ

168 4025 201 4087 *l
219 4030 349 4092 blanca.
368 4043 395 4080 c.
414 4029 443 4080 5.
473 4029 580 4080 l’hllad.
599 4043 624 4079 c.
643 4027 671 4080 9.
701 4030 811 4090 sinyrn-
832 4039 857 4076 c.
877 4025 904 4078 6.
937 4027 1038 4088 llpbcs.
1057 4041 1083 4079 o.
1102 4028 1131 4080 9.
1150 4031 1223 4076 etc.

226 4099 270 4149 to.
307 4098 352 4150 Gt.
368 4101 474 4152 coucil-
493 4102 619 4152 trident.
638 4103 713 4150 Sess-
732 4099 759 4150 6.
779 4111 841 4158 cap.
861 4098 888 4148 7.
907 4100 936 4146 ct
953 4095 980 4150 8.
1000 4113 1064 4150 can.
1084 4099 1112 4150 9.
1132 4101 1160 4146 et
1181 4099 1222 4144 tt.

152 4188 200 4255 ”l
216 4197 333 4258 smnu-
352 4211 377 4248 c.
397 4198 425 4250 l.
450 4199 574 4250 Eundem
594 4200 682 4250 locum
700 4209 736 4247 cx
753 4199 782 4246 S.
794 4197 909 4258 *gratio
929 4199 1033 4245 excitat
1055 4197 1089 4243 ad
1110 4191 1225 4241 verbnm

223 4268 390 4320 Theodoret.
410 4269 519 4336 otalog.
540 4271 590 4322 lll.
610 4264 668 4331 (eo.
687 4265 815 4318 Partus.
827 4266 964 4316 Btrmouot
982 4267 1015 4313 'l'-
1034 4263 1085 4312 lv.
1104 4273 1131 4322 p·
1154 4256 1225 4316 tot).
