2948 4662
259 521 263 532 '
329 514 534 579 demonstrat
545 548 561 590 ,·-
576 522 611 578 et
632 513 781 598 origines
804 512 1014 580 idololatriae
1038 515 1177 601 detegit,
1201 525 1268 582 tura

327 600 426 664 etium
440 595 677 682 philosophiae,
688 595 795 681 quatis
807 605 885 663 tunc
896 605 979 672 orat,
996 601 1175 665 vanitatem
1189 621 1268 666 exu-

326 683 425 766 gitat,
437 699 576 766 comune
589 701 653 746 non
668 701 746 746 esse
761 682 958 766 sapientiora
972 684 1117 747 ostendit
1132 683 1268 758 dini-

326 766 411 840 lii).
430 765 604 830 Erroribus
615 767 665 831 sic
678 765 858 830 destructis
870 769 1099 832 auctoritatem
1108 767 1145 832 S.
1155 770 1269 853 Scrip-

326 859 419 914 turae
442 849 590 913 vindieat
611 857 644 915 et
666 851 823 932 mysteria
843 852 964 915 suturis
978 857 1110 918 nostrae
1122 857 1268 936 exponit,

327 943 393 998 turn
429 933 472 997 de
506 935 661 998 universa
693 955 814 999 morum
843 934 992 1000 doctrina
1023 937 1167 1001 breviter
1194 939 1268 1024 qui·

327 1021 420 1090 dern,
450 1017 511 1082 sed
534 1018 698 1084 uberrime
721 1020 811 1100 agit,
842 1037 956 1084 uerum
978 1019 1042 1082 Dei
1065 1021 1184 1084 cultum
1207 1023 1268 1086 do-

327 1109 390 1177 cet,
414 1101 530 1186 hisque
554 1104 749 1185 promissum
771 1109 929 1168 aeternae
943 1105 1153 1168 beatitudinis
1169 1125 1267 1188 prae-

326 1187 421 1251 mium
442 1205 650 1270 consequcns
666 1205 745 1252 csse
757 1186 962 1251 demonstrat
977 1188 1010 1260 ti.
1027 1188 1267 1264 lv-i'liatt

259 1293 304 1383 b]
331 1296 479 1377 Epr‘torne
515 1297 753 1361 institutionum
784 1299 964 1359 dr'riuurrrnr
994 1296 1034 1361 tid
1074 1299 1268 1364 Peniadium

325 1381 480 1478 fratrem,
511 1381 737 1466 truncandum
762 1381 943 1478 doctrinam
967 1383 1058 1478 breui
1087 1391 1268 1467 conspectu

324 1472 370 1529 rtn
385 1465 894 1634 pffip'ggeftpspffijuffcpffiffstas
924 1467 1174 1544 obscuritatem,
1205 1484 1291 1558 nec·

325 1568 381 1632 pro
821 1593 830 1614 0

181 1673 184 1680 ’
260 1657 302 1748 c)
326 1662 424 1724 Lidrr
448 1663 486 1724 de
508 1661 641 1744 opificio
666 1660 745 1738 liri,
773 1661 917 1746 scriptus
939 1667 1087 1747 ternpore
1110 1679 1269 1746 persecu-

326 1745 441 1818 tionis,
474 1746 593 1831 inquo
624 1744 717 1819 iliud¹
741 1747 804 1828 ipsi
835 1749 1031 1829 propositum
1056 1753 1127 1820 est,
1157 1754 1192 1811 ut
1225 1763 1267 1810 ex

326 1827 465 1894 hominis
488 1829 678 1908 creatione,
708 1830 876 1914 totiusque
898 1830 1045 1913 corporis
1072 1833 1144 1910 ejus
1174 1847 1265 1893 corn-

326 1931 427 1998 page,
449 1931 511 1978 nec
533 1932 599 1980 non
622 1932 663 1978 ex
687 1913 792 1996 ipsius
815 1912 944 1976 animae
964 1921 1082 1976 natura
1104 1930 1202 1976 unum
1233 1919 1267 1976 et

328 1997 582 2080 omnipotentem
604 2015 683 2064 esse
706 1997 812 2062 Deum
836 1995 1058 2073 demonstret,
1091 1999 1182 2079 cujus
1204 1999 1268 2062 od-

327 2081 464 2145 niraoiii
488 2081 698 2165 providentie
721 2087 754 2145 ct
778 2079 935 2154 mundos,
967 2088 1001 2144 et
1023 2080 1148 2156 omnia,
1182 2099 1268 2164 quae

325 2167 358 2229 in
381 2183 421 2230 eo
443 2174 531 2246 suut,
553 2173 713 2254 regentur
736 2170 770 2230 et
792 2164 1075 2232 administrentur.

259 2271 304 2364 d]
328 2277 426 2340 Liber·
450 2279 488 2340 de
516 2281 569 2340 r'ra
596 2277 659 2340 Dei
688 2276 944 2364 pulcherrimus,
979 2278 1125 2367 scriptus
1153 2281 1269 2342 contra
1360 2275 1362 2280 ’

326 2378 405 2437 eos,
435 2363 491 2447 qui
519 2361 771 2432 existimabunt,
806 2361 910 2427 Deum
941 2361 1042 2428 irasci
1072 2369 1128 2425 aut
1164 2362 1269 2424 malos
1314 2423 1317 2430 .

325 2447 440 2528 punire
462 2467 506 2512 ex
528 2453 647 2512 natura
668 2465 731 2511 sua
760 2464 823 2509 non
847 2465 958 2530 posse.
1004 2445 1042 2510 ln
1072 2443 1134 2508 hoc
1157 2443 1267 2527 Opere

327 2527 406 2594 diud
431 2551 526 2595 unum
549 2529 692 2596 intendit
713 2536 837 2604 auctor,
861 2529 965 2594 Deum
991 2547 1116 2592 sumine
1133 2531 1269 2608 justum,

318 2613 414 2678 'sicut
438 2615 521 2680 bone
543 2621 707 2680 merentes
733 2615 903 2698 promissis
932 2614 1084 2697 praemiis
1115 2613 1267 2686 cumulat,

325 2696 371 2760 ita
394 2699 435 2762 ob
459 2699 574 2764 mutam
598 2699 759 2764 hominurn
782 2705 923 2763 mentem
954 2699 1193 2780 commissaque
1223 2696 1265 2759 ab

324 2782 382 2846 iis·
401 2781 524 2848 delicta
553 2801 679 2870 poenas
713 2781 929 2867 peccantibus
966 2779 1137 2862 indigere,
1169 2797 1266 2862 quam

324 2865 506 2934 doctrinam
529 2867 701 2935 confirmat
723 2868 929 2958 argumentis
952 2866 1097 2950 undique
1127 2865 1266 2948 conqui-

322 2952 407 3018 sitis.

257 3069 299 3136 c)
325 3063 422 3126 Lr'der
444 3065 482 3124 de
504 3064 657 3127 rnnrtr'hrrr
676 3074 914 3146 persecuturum
936 3061 978 3126 ad
995 3059 1158 3127 Donatum
1179 3058 1268 3126 Con·

325 3147 497 3226 sessorem,
544 3166 584 3211 uo
606 3167 670 3213 non
692 3148 797 3213 sotum
826 3148 980 3232 singulas
1004 3147 1264 3228 persecutiones,

325 3167 788 3318 auomunisimperaturiuas
806 3227 1134 3296 contraChristianns
1148 3237 1264 3303 motus,

327 3317 482 3378 accrrrnte
504 3314 661 3393 delineat,
683 3335 797 3382 verum
820 3315 918 3380 ctiam
942 3313 1085 3378 divinans
1103 3311 1265 3394 justitiam

325 3398 476 3463 omnibus
496 3399 705 3472 menifestum
729 3398 838 3465 reddit
867 3396 1051 3463 ostendens
1085 3415 1139 3474 cx,
1158 3394 1264 3460 histu-

325 3481 384 3560 rin,
405 3501 530 3564 ornnes,
554 3485 609 3570 qui
623 3484 831 3550 Christianos
854 3481 1021 3568 persecuti
1044 3487 1132 3560 suut,
1153 3477 1186 3542 in
1200 3496 1264 3542 ex-

324 3571 446 3632 tremus
469 3567 611 3653 denique
634 3569 840 3634 calamitates
863 3565 1042 3646 incurrisse
1077 3571 1111 3628 et
1144 3563 1263 3628 misero

322 3651 435 3718 mortis
458 3671 584 3738 genere
608 3655 748 3738 periisse
769 3653 834 3728 ‘*).

163 3812 366 3836 hanun—...-

213 3923 358 3994 nuperis
376 3933 458 4000 hujus
476 3939 620 3987 consilium
640 3943 669 3988 et
687 3939 891 4004 dispositionem
917 3939 975 3996 ipse
995 3936 1155 3984 Lactantius
1178 3946 1262 3994 expo.

266 4007 307 4052 nit
327 4009 417 4056 instit.
437 4011 526 4057 divin.
548 4009 595 4059 uu.
610 4007 635 4057 5.
657 4021 680 4056 c.
699 4012 723 4059 t.
743 4015 771 4056 er
786 4007 813 4057 d.
834 4007 961 4058 Ceterum
982 4009 1014 4054 de
1033 4006 1176 4066 inrepere
1195 4015 1262 4052 oon-

158 4085 162 4092 ·
264 4075 338 4124 terri·
352 4081 476 4126 merctur
492 4079 520 4127 J·
541 4079 582 4128 ii.-
594 4073 709 4141 Spijirer
728 4080 894 4128 Dissertatio
917 4079 951 4126 de
971 4079 1059 4136 pretio
1076 4073 1261 4124 institutioni-

264 4145 314 4194 bus
334 4149 438 4196 divinis
455 4147 592 4199 narrarint
611 4151 769 4200 tribuendo.
789 4149 914 4208 Lugduni
932 4149 1029 4195 flatur-
1053 4143 1130 4195 1826.

195 4231 243 4298 ”J
263 4244 346 4292 hibor
365 4246 411 4293 tric
428 4249 541 4295 seorsim
562 4249 661 4308 prodiit
672 4249 728 4294 ¹suh
749 4245 844 4295 tituto:
865 4246 941 4292 turcii
956 4245 1055 4292 cecilii
1075 4243 1109 4288 de
1127 4234 1261 4309 nrrrrtuibtts

98 4309 101 4316 '
266 4317 473 4374 persecuturum
491 4327 552 4368 cunr
569 4317 647 4368 Notis
665 4307 761 4378 sepo.
775 4314 882 4366 Butunit
901 4311 1118 4365 communion.
1137 4306 1260 4367 't'rnjccti

964 4516 981 4545 ι.
