2886 4660
212 301 272 386 ios

208 489 309 567 tione,
331 485 448 552 uariae
468 483 567 552 etiam
590 481 816 570 quaestiones,
838 482 956 570 quibus
977 482 1034 548 illa
1052 480 1215 570 dogmata
1229 485 1317 552 omni

208 591 252 639 ex
282 576 376 657 parte
404 569 638 647 illustrantur,
670 567 862 666 propositae
891 574 926 633 et
950 568 1160 634 sufficienter
1183 569 1318 636 solutae

208 663 297 723 suut.
340 655 393 720 lta
415 653 574 741 dogmata
595 649 662 720 88.
684 651 868 728 Trinitatis,
891 649 1163 717 diuinitatisFilii
1183 657 1218 718 et
1234 651 1317 751 Spi-

208 741 291 807 ritus
313 737 454 819 Saueti,
487 738 636 822 mysterii
664 737 906 803 iucarnationis
933 736 1146 817 flaminicae,
1182 747 1319 826 gratiae

209 823 345 891 divinae
373 828 408 890 et
435 821 751 910 praedestinationis
778 822 809 886 si
839 821 913 906 quis
942 819 1025 886 velit
1050 828 1208 887 accurate
1232 841 1319 909 cog·

209 925 372 986 noscere,
394 905 555 992 ejusmodi
577 907 726 972 notitiam
748 905 807 971 vix
828 911 1029 991 assequetur
1051 903 1178 991 absque
1198 905 1321 972 lectio-

209 1013 253 1060 ne
275 988 419 1089 (lperum
448 989 515 1057 88.
539 991 698 1088 Petrum,
733 989 790 1076 qui
817 988 859 1054 de
885 989 953 1054 illis
976 990 1122 1054 materiis
1145 991 1320 1087 praeclare

209 1065 676 1228 tatttttt‘tttllli
692 1064 1321 1244 littalmlbtbatttt

209 1245 288 1312 terit
317 1243 490 1326 derivare,
525 1255 562 1307 at
591 1251 780 1327 corgamealo
809 1245 913 1305 omorio
943 1252 974 1304 et
1003 1243 1167 1318 rationes,
1206 1243 1321 1326 quibas

210 1329 358 1413 doponatur
383 1328 467 1406 fidei
493 1327 694 1410 probaretur,
722 1325 757 1388 r'rr
783 1326 915 1390 illorum
936 1327 1070 1406 scriptis
1090 1327 1192 1389 aalide
1213 1347 1321 1408 expo·

209 1413 274 1477 ritu
295 1413 452 1476 inveniat.
495 1410 579 1478 Com
600 1411 686 1476 euim
701 1408 820 1477 Sancti
831 1407 952 1474 Patres
974 1409 1132 1496 dogmata
1152 1408 1229 1475 fidei
1251 1427 1320 1474 nou

80 1513 93 1578 χ
210 1495 314 1564 solum
337 1502 556 1584 exponerent,
577 1512 690 1561 verum
712 1492 811 1562 etiarn
836 1494 922 1558 omni
945 1503 1066 1558 conatu
1089 1491 1321 1574 defenderent,

210 1597 734 1753 tattttattrtntailtat
748 1577 1322 1749 ‘t,btrltltltt‘ttt'ltatt

211 1747 299 1816 haud
323 1767 399 1815 raro
421 1751 514 1817 vitae
536 1767 643 1816 annos
665 1749 822 1814 immenso
844 1746 959 1812 labore
980 1747 1237 1827 iusumsissent‚
1259 1765 1322 1813 neo

212 1853 277 1900 nou
301 1833 476 1901 Ecclesiae
504 1843 539 1901 et
571 1836 729 1917 majorum
756 1850 890 1897 sensuro
914 1829 956 1896 de
979 1830 1079 1896 rebus
1101 1829 1179 1895 fidei
1201 1829 1322 1897 sedulo

212 1923 248 1984 et
269 1918 430 2008 religiose
450 1919 572 1984 investi
602 1923 729 1993 assent,
750 1912 911 2014 plurimas
933 1922 968 1982 et
990 1913 1196 1982 firmissimas
1218 1916 1323 1981 ratio-

212 2020 293 2082 nes‚
328 2002 446 2086 quibus
470 2001 547 2067 fidei
568 1937 729 2086 dogmata
747 2002 949 2074 innituntur,
980 2001 1126 2078 atterunt,
1143 2017 1324 2149 earumflue

213 2085 374 2171 probandi
403 2088 469 2152 vim
497 2086 698 2151 luculentam
720 2101 964 2168 nervosamque
989 2082 1143 2150 reddunt·
1166 2119 1206 2133 -
1285 2101 1324 2150 e-

213 2169 313 2254 nique
335 2169 436 2234 etiam
457 2169 553 2234 homo
575 2169 727 2254 privatus
749 2167 870 2256 legens
892 2168 1016 2254 scripta
1031 2167 1099 2234 88.
1112 2168 1249 2234 Patrum
1270 2169 1324 2234 iu-

213 2251 343 2332 veniel,
366 2274 428 2338 quta
449 2256 577 2316 raticosa
597 2261 805 2338 argomento,
827 2251 939 2338 quibas
960 2253 1145 2316 adversarii
1155 2251 1246 2330 fidei
1266 2253 1325 2314 ἐκ·

238 2345 360 2421 ugaoat
390 2357 470 2400 sorra
500 2337 673 2420 dogmata,
708 2335 810 2399 aalide
831 2335 944 2420 refelli
962 2337 1103 2418 porrial;
1133 2355 1206 2402 cum
1235 2337 1325 2404 enim

212 2357 373 2486 decretici
399 2438 463 2506 ope
495 2417 533 2488 8.
557 2418 753 2504 Scripturas
782 2425 883 2502 atque
912 2421 1047 2486 rationis
1073 2419 1237 2486 humanae
1259 2439 1324 2486 ve-

214 2523 284 2572 ram
311 2503 408 2571 tidem
436 2505 689 2592 impugnarent,
719 2503 839 2570 Sancti
869 2505 1009 2580 Patres,
1044 2510 1081 2569 ut
1109 2505 1177 2570 tela
1206 2505 1274 2571 ista
1303 2523 1324 2571 e

215 2588 367 2656 manibus
389 2589 521 2656 illorum
551 2590 740 2674 eriperent,
766 2607 902 2656 sensum
930 2587 968 2656 S.
992 2588 1187 2674 Scripturae
1209 2607 1325 2656 verum

214 2673 421 2748 statuebant,
451 2675 541 2740 falsa
563 2673 736 2740 ratiocinia
756 2671 990 2753 destruebant,
1019 2692 1060 2740 ao
1083 2673 1242 2758 principia
1264 2691 1326 2739 eo-

204 2771 285 2822 ·rum
307 2759 523 2828 evertebant:
546 2764 581 2823 et
603 2776 672 2823 cum
696 2757 855 2843 pleraque
877 2777 1023 2824 errorum
1051 2756 1218 2846 figmenta,
1234 2775 1328 2840 quae

215 2840 292 2906 olim
313 2829 629 2908 circumferebantur
651 2841 694 2907 ad
717 2842 892 2907 veritatem
914 2843 1101 2908 revelatam
1122 2841 1328 2927 impugnan-

216 2924 293 2992 dam
314 2926 369 2992 vel
394 2923 665 2998 adulterandam,
687 2924 787 2990 hodie
808 2926 930 3005 etiam,
951 2925 1056 2992 torma
1076 2925 1155 2990 licet
1175 2924 1328 2992 nonnihil

215 3009 403 3092 immutata,
436 3029 496 3098 per
517 3029 576 3076 ora
597 3009 736 3076 volitent
757 3011 790 3075 io
812 3011 1013 3096 scriptisque
1035 3017 1192 3094 serpant,
1224 3007 1328 3074 facile

240 3095 433 3179 cospicilur,
472 3095 587 3178 quanti
609 3093 708 3162 etiam
729 3113 773 3160 ex
794 3094 858 3160 hoc
881 3096 990 3179 capite
1012 3095 1057 3160 sit
1079 3094 1234 3159 momenti
1255 3091 1327 3160 88.

215 3115 351 3248 d'atrum
380 3199 471 3246 usus.
527 3179 589 3245 llis
617 3180 729 3265 itaque
750 3177 855 3244 modis
877 3200 971 3244 usum
993 3181 1159 3266 privatum
1181 3173 1329 3264 Operum

217 3261 286 3330 18.
317 3265 451 3330 Petrum
482 3281 622 3348 eumque
652 3263 874 3350 dogmaticum
898 3264 1089 3345 instituere,
1122 3269 1225 3348 atque
1248 3281 1331 3350 pcr-

216 3347 350 3416 moltum
372 3349 451 3415 iude
474 3347 624 3417 utilitatis
646 3364 770 3434 capere
791 3347 882 3414 licet

719 3527 757 3623 i.
773 3545 826 3613 aa

289 3683 320 3764 b)
350 3685 428 3752 Uarr
453 3685 516 3753 88.
542 3687 673 3760 Paloura
695 3685 843 3764 anorulr's,
866 3685 1043 3762 asceticos,
1061 3681 1257 3768 pastoralis.

301 3849 422 3941 Longe
444 3855 575 3920 uberior
596 3855 659 3918 erit
680 3871 762 3917 usus
785 3847 928 3950 ilperuru
955 3850 1023 3920 88.
1052 3851 1204 3930 Petrum,
1232 3869 1333 3938 quem

216 3931 366 4000 homines
424 3937 524 4002 rivali
559 3955 616 4020 pro
644 3935 832 4022 Theologra
865 3957 987 4004 morum
1022 3933 1136 4004 iacere
1176 3943 1332 4024 possunt.
1434 4001 1435 4006 ,

216 4017 346 4085 Etenim
411 4022 500 4086 ancti
525 4021 655 4100 Patres,
687 4019 811 4087 Christi
839 4030 873 4087 et
907 4023 1141 4107 Apostolorum
1173 4018 1333 4106 exempla
1434 4033 1435 4050 ¹

154 4147 158 4154 -
215 4103 341 4186 secuti,
364 4121 405 4170 ao
428 4107 619 4201 plerumque
647 4105 759 4171 uerbis
791 4111 825 4172 et
857 4105 1033 4171 sententiis
1062 4103 1101 4171 8.
1132 4103 1334 4200 Scripturas

216 4187 332 4272 inuisi,
354 4189 504 4256 omnibus
526 4193 597 4255 suis
628 4184 794 4275 Operibus
821 4189 918 4255 etiarn
948 4189 1166 4274 dogmaticis,
1193 4187 1335 4274 polema-

216 4273 284 4355 cis,
316 4275 503 4364 exegeticis
534 4281 623 4359 etc,
652 4293 714 4342 ceu
743 4273 879 4344 totidem
906 4271 1023 4357 dores,
1053 4274 1226 4341 innumera
1253 4271 1334 4340 tera
