2880 4660
1175 361 1239 424 213

119 529 169 594 ll.
193 523 335 592 Aurelio
358 531 495 602 exorta,
526 542 567 590 ac
589 525 783 609 praesertim
805 523 942 609 insigne
963 523 1127 610 quoddam
1150 526 1235 608 injo-

120 611 236 678 stitiae
259 618 295 676 et
316 608 525 675 crudelitatis
547 609 716 691 specimen
740 613 855 674 contra
877 607 1086 675 Christianos
1109 611 1235 675 Romae

122 696 263 762 editum.
287 695 320 772 ⁶)
367 693 534 780 Apologia
555 691 660 766 haec,
684 710 771 776 onae
793 699 884 759 certe
929 697 1069 757 osterior
1090 702 1143 760 est
1164 695 1237 784 (el.

122 797 155 844 n.
179 783 209 844 4.
237 782 267 842 o.
289 772 361 862 8.),
384 783 548 860 tamqnam
571 777 740 860 appendix
762 787 798 842 et
819 711 1083 864 supprementnm
1106 779 1234 864 prioris,

122 882 210 947 puae
243 863 277 927 in
306 861 481 926 tabulariis
515 861 657 947 publicis
693 861 847 946 deposita
876 864 927 936 “t
965 861 1116 945 adeoque
1148 865 1233 930 satis

123 952 205 1011 nola
225 951 309 1022 crat,
334 945 539 1010 considerari
564 950 686 1030 potest.
714 945 753 1008 ln
777 962 829 1023 en,
852 965 947 1031 quum
972 953 1014 1010 ab
1038 945 1130 1010 initio
1153 965 1236 1012 con·

126 1029 283 1096 ditionem
305 1028 569 1094 Christianorum
591 1029 814 1094 tristissimam
844 1031 1009 1116 exemplis
1040 1029 1235 1115 quibasdam

123 1113 279 1181 adductis
301 1113 511 1198 depinxissel
533 1109 590 1200 (ιι.
616 1116 643 1176 l.
667 1109 723 1198 2.)
753 1120 789 1176 et
810 1112 1072 1180 Christianorum
1105 1114 1231 1180 hostem

122 1197 343 1266 Crescentem
379 1197 606 1284 philosophum
637 1199 746 1260 acrius
780 1200 1034 1280 perstrinxisset
1067 1193 1131 1286 (ιι.
1160 1196 1237 1284 3.),

122 1283 209 1350 dnos
232 1283 436 1369 potissimam
459 1282 670 1347 Ethnicornm
693 1283 897 1363 objectiones
919 1283 1023 1346 diluit.
1071 1284 1122 1349 ,td
1145 1284 1233 1369 prio·

123 1387 192 1432 rem
216 1369 338 1451 qnippe
361 1367 589 1450 objectionem,
613 1385 672 1440 eur
694 1385 758 1429 non
781 1367 914 1431 sibimet
935 1367 998 1452 ipsi
1023 1377 1156 1433 mortem
1180 1367 1233 1432 in-

122 1451 237 1518 ierant
252 1449 442 1520 Christiani.
465 1457 500 1516 ut
521 1453 620 1514 citius
642 1448 684 1514 ad
704 1450 810 1517 llenm
833 1454 1032 1534 perveniant
1056 1450 1125 1537 (cl.
1141 1454 1234 1537 Apo-

123 1535 196 1620 log.
218 1536 246 1600 l.
269 1555 300 1601 ιι.
320 1528 402 1622 8.),
431 1535 575 1620 egregio
600 1534 698 1620 plane
720 1534 816 1599 modo
844 1535 1005 1601 rationem
1033 1537 1147 1602 reddit
1167 1538 1234 1603 Ju-

121 1621 247 1692 stinns.
268 1640 325 1684 cnr
347 1619 425 1684 nihil
448 1619 610 1702 ejusmodi
633 1618 769 1694 iaciant,
792 1619 989 1702 interrogati
1007 1626 1115 1684 tamen
1129 1624 1234 1686 intre-

122 1703 203 1790 pide
224 1711 259 1772 et
280 1712 475 1769 constanter
499 1703 596 1769 tidem
619 1721 714 1768 snam
735 1703 954 1769 confiteantur
976 1701 1033 1793 (n.
1057 1699 1124 1791 4.).
1172 1705 1234 1768 ΑΙ·

121 1796 227 1854 tera·
257 1807 337 1854 vero
375 1788 607 1871 objectionem,
637 1785 764 1864 Deum,
801 1787 831 1850 si
864 1805 946 1851 uere
978 1793 1071 1852 esset
1103 1787 1235 1870 adjutor

122 1871 398 1950 Christianorum,
426 1891 490 1937 non
519 1874 769 1956 permissorum,
792 1876 828 1934 nt
855 1871 898 1934 ah
932 1870 1087 1952 improbis
1120 1873 1233 1955 oppri-

122 1964 252 2024 mantur
273 1965 308 2023 et
328 1956 537 2030 occidantur,
566 1955 711 2022 nonnihil
736 1955 841 2020 insius
868 1956 915 2019 ita
942 1954 1099 2019 dissolvit
1120 1955 1233 2020 Justi-

124 2059 199 2120 nos,
221 2049 256 2106 ut
277 2060 346 2108 rem
369 2038 456 2106 hano
478 2040 672 2138 prolpndins
693 2046 729 2103 et
749 2037 900 2137 solidius⁸
912 2037 1096 2142 discutiens
1118 2047 1235 2138 osten3

121 2123 364 2276 illinit
380 2124 1154 2306 litttll‘tlthPttltlltloltlll
1169 2122 1235 2306 {iil

121 2296 246 2361 stitiam
268 2293 434 2372 relucere,
463 2299 639 2359 veritatem
668 2310 800 2378 qnoque
826 2299 862 2356 et
882 2294 1121 2377 praestantiam
1151 2294 1234 2358 reh-

120 2380 235 2477 gionis
257 2378 471 2474 Christianae
493 2385 594 2475 atque
615 2376 876 2473 Christianorum
899 2377 1121 2474 innocentiam
1152 2377 1233 2471 inde

120 2481 463 2719 d⁸i¹⁸13⁰lg⁸l3lrl3
474 2461 864 2720 filzrtttttttlll
877 2465 920 2608 t
934 2458 1103 2631 {gettha
1114 2459 1232 2626 hill

146 2649 246 2698 resen
309 2649 340 2696 n.
383 2669 419 2680 -
463 2675 510 2698 ..

621 2845 659 2933 S.
681 2856 737 2922 to.

312 2999 532 3064 Coralirenatt'o.
579 2997 739 3081 Diralogaa
761 3017 829 3058 cam
858 2995 1036 3081 Tryphone.

205 3165 267 3232 tlt,
299 3167 376 3233 Non
405 3165 492 3234 satis
518 3163 633 3231 habuit
661 3162 700 3230 S.
731 3163 906 3240 destinas,
935 3163 1064 3228 fortiter
1095 3163 1230 3249 impug-

122 3267 230 3314 nasse
249 3248 421 3329 Gentiles,
449 3255 486 3315 ni
503 3249 623 3340 agnita
652 3246 825 3337 religionis
846 3245 1058 3312 Christianae
1088 3246 1230 3311 veritate

120 3341 157 3399 ct
177 3337 383 3418 praestantia
405 3333 545 3400 eandem
563 3341 612 3400 -et
637 3331 702 3418 ipsi
734 3331 986 3478 profiterentur²
1011 3327 1074 3425 sed
1103 3336 1139 3394 et
1165 3327 1253 3392 Jur

120 3417 226 3483 dacos
249 3418 321 3502 pari
343 3418 420 3484 nelo
443 3417 609 3483 animatus
630 3416 674 3482 ad
695 3433 732 3481 re
748 3415 894 3501 igionem
905 3412 1127 3479 Christianam
1154 3429 1232 3498 per-

118 3501 253 3569 trahere
275 3508 414 3568 countns
436 3508 500 3567 est.
548 3500 701 3568 Huncin
725 3495 822 3563 smero
845 3498 888 3563 ah
917 3497 972 3562 illo
1002 3503 1078 3581 post
1099 3493 1231 3576 Apolo-

118 3604 211 3690 giam
234 3603 262 3668 l.
285 3606 357 3679 W)
385 3605 587 3692 compositus
609 3607 663 3666 est
684 3581 873 3683 Dialoptts
899 3607 983 3656 cum
1011 3579 1230 3681 Tryphone,

118 3689 261 3754 omnium
282 3695 361 3754 tnnc
382 3690 542 3774 temporis
564 3685 767 3752 Judaeorum
793 3683 1023 3761 celeberrimo,
1059 3683 1228 3769 pulcrius

117 3777 172 3838 est
193 3792 239 3838 ex
260 3771 502 3858 disputatione,
526 3791 621 3858 qnam
644 3771 759 3836 hahuit
780 3767 907 3855 Ephesi
932 3786 990 3853 per
1013 3767 1096 3834 dnos
1118 3769 1229 3835 conti-

170 4045 520 4120 ⁹)Jnsttn.apotog.1t.
542 4069 569 4106 ιι.
592 4058 617 4108 t.
639 4057 667 4108 2.

151 4150 197 4213 ”l
214 4153 321 4204 Juatln.
341 4154 415 4206 Dtal·
434 4166 461 4206 o·
479 4155 583 4218 mypt.
603 4167 630 4205 ιι.
653 4153 714 4206 120.
733 4165 794 4204 cum
813 4154 879 4202 uota
898 4153 980 4202 Prud.
999 4152 1123 4202 Marant-

130 4243 194 4310 Μ)
212 4249 281 4302 Vld·
300 4250 376 4304 ntat.
394 4265 418 4305 ο.
437 4252 542 4316 wrm·
561 4263 587 4302 u.
609 4249 669 4302 tao.
689 4251 725 4300 ot.
744 4249 861 4314 apolog.
879 4251 903 4299 Ι.
922 4261 951 4300 n.
970 4243 1015 4298 26.
1035 4253 1065 4294 et
1083 4255 1110 4292 u.
1130 4237 1175 4288 06.
