2880 4660
1169 277 1229 342 tet

117 437 237 506 mundo
262 435 317 536 (c.
341 431 411 522 6.).
459 437 554 504 Hunc
576 455 656 502 vcro
679 437 784 521 ipsum
806 437 986 506 doctrinam
1011 458 1074 504 non
1097 459 1117 502 u
1139 461 1226 507 mor-

115 527 172 588 tali
198 525 328 588 bomine
351 525 534 596 inventurn,
554 525 616 588 scd
642 523 682 585 nb
698 543 772 606 ipso
785 524 999 607 omnipotenti
1016 532 1048 590 et
1067 525 1225 592 invisibili

119 611 189 672 llcu
215 609 401 690 proiectam
426 607 558 676 usserit,
571 629 589 667 -r
604 608 634 670 ni
655 607 796 675 Verbum
818 615 968 673 sonetum
991 615 1026 672 et
1043 609 1227 691 incompre-

117 692 287 757 hensibile
309 693 397 756 inter
419 690 567 756 homines
589 629 711 755 ioenvit
739 701 839 776 utque
868 695 901 754 in
932 711 1042 756 eornm
1072 695 1224 758 cordibus

116 777 280 852 firmavit,
313 795 378 841 nec
406 776 584 838 ministrum
605 775 727 840 sulutis
748 773 931 840 horninibus
955 777 1040 840 misit
1070 778 1224 863 irrigelum

117 860 295 942 rprerndnm
319 867 376 924 ont
399 859 575 944 principem
598 860 787 930 coelestem,
808 859 869 924 scd
893 859 998 942 ipsum
1012 860 1129 924 Filiurn
1147 880 1225 946 prn-

118 949 236 1028 prinrn,
257 945 399 1030 Regem,
423 942 537 1019 ileum,
560 961 737 1028 perquem
761 943 841 1008 lecit
862 953 895 1008 et
918 944 1084 1007 ordinavit
1106 947 1226 1023 omnin,

119 1030 277 1110 rnisitrpre
300 1047 373 1092 enm
398 1047 460 1090 non
485 1027 515 1090 in
539 1029 715 1108 molestute
737 1046 798 1092 sun
822 1027 935 1091 divinu
958 1027 1149 1108 terribilem,
1164 1029 1225 1094 sed

118 1117 227 1178 nritern
250 1117 286 1176 et
309 1111 521 1181 clementem,
554 1119 589 1174 ut
611 1119 747 1176 vocaret
770 1119 871 1195 utque
892 1110 1042 1174 solveret
1066 1111 1226 1178 immines.

118 1197 212 1260 llaec
234 1198 346 1261 anilem
371 1198 465 1282 irrigo
490 1195 602 1260 divine
625 1194 791 1258 luculento
815 1195 910 1260 modo
934 1197 1166 1282 probnturtnm
1181 1215 1224 1262 eu

119 1285 199 1344 nuru
222 1291 256 1344 ct
280 1279 455 1344 celerrime
479 1279 652 1364 religionis
676 1277 887 1344 l'lrristiunae
906 1283 1146 1364 propugrrtione
1169 1278 1223 1366 (c.

117 1361 187 1450 7.),
212 1373 279 1428 tum
303 1364 389 1448 quod
413 1364 543 1428 nonnisi
568 1361 797 1448 perfbristrrm
813 1361 966 1426 verullei
984 1367 1072 1428 notio
1091 1362 1225 1428 homiui·

119 1453 181 1514 bus
197 1449 354 1523 illuxerit,
376 1466 474 1532 qurum
498 1449 540 1510 eb
563 1448 635 1531 ipso
645 1447 714 1510 lieo
737 1447 899 1531 proficisci
917 1447 1075 1512 debuisse
1087 1447 1225 1514 demon-

118 1540 223 1608 stret,
245 1539 280 1598 et
301 1533 391 1595 circu
413 1550 509 1616 quiunt
534 1529 718 1616 philosophi
741 1550 855 1596 omnes
877 1532 909 1596 in
935 1532 1090 1616 plurimos
1122 1533 1225 1598 mise·

117 1616 246 1681 randos
269 1633 397 1681 errores
426 1613 572 1695 proluisi
602 1621 689 1679 siunt.
741 1613 964 1698 Cognoscitur
992 1623 1100 1679 nutem
1131 1615 1224 1681 [lens

116 1723 177 1785 per
200 1699 314 1775 fidem,
336 1718 402 1782 one
423 1697 497 1762 solu
521 1636 623 1764 ileum
647 1699 761 1764 videre
783 1717 977 1763 concessum
1007 1707 1079 1770 est:
1109 1703 1223 1782 paucis

118 1803 203 1848 nunc
216 1783 278 1849 llei
303 1791 453 1846 nutrirem
474 1779 678 1867 (borritetem
702 1787 798 1856 etei,
819 1791 853 1846 ct
875 1781 1169 1863 imperscrutabilis
1184 1801 1224 1848 uc

120 1868 369 1953 profundissimi
392 1868 521 1951 consilii
546 1866 795 1950 llcdernptinnis
817 1865 1037 1932 oeconomiam
1072 1867 1226 1944 prrnccln-

119 1956 165 2017 ris
188 1955 300 2018 verbis
324 1952 459 2034 expurnit
482 1948 537 2038 [c.
558 1949 626 2032 8.l.
644 1990 685 2002 --
708 1949 856 2016 'l'ertinm
879 1953 970 2028 proin
995 1951 1222 2034 ‹prinestinocm

116 2037 328 2122 aggreditur,
350 2055 409 2100 cur
429 2036 549 2120 religio
573 2034 763 2102 Christiane
786 2039 852 2098 tum
875 2053 952 2098 sero
975 2031 1164 2116 apperuerit
1189 2033 1224 2099 in

115 2121 255 2200 rrinndo,
287 2139 350 2186 nee
373 2138 453 2184 vero
477 2121 578 2206 prins.
624 2117 687 2184 llic
709 2120 865 2186 moralem
895 2117 1056 2182 hominnm
1086 2135 1224 2203 corrup·

114 2211 238 2272 tionem
260 2205 442 2278 describite
472 2205 554 2272 liuec
583 2203 735 2289 propriae
765 2202 982 2286 corruptionis
1011 2202 1159 2284 cognitio
1188 2203 1222 2268 in

115 2310 222 2356 ceusu
243 2295 328 2367 eret,
348 2287 513 2354 curDeus
535 2288 597 2356 boe
618 2288 796 2354 remedium
819 2287 942 2352 tnmdiu
966 2285 1142 2363 distulerit,
1160 2286 1223 2352 do-

114 2393 180 2440 nec
202 2373 353 2440 homines
374 2372 416 2439 erl
441 2380 622 2440 extremum
646 2372 801 2438 miseriae
822 2369 955 2467 delapsi
974 2369 1071 2451 thus
1103 2373 1223 2456 cogni-

114 2458 223 2524 tionis
244 2475 308 2540 ope
335 2456 378 2524 de
405 2458 608 2524 necessitate
639 2456 768 2520 ultiouis
796 2455 909 2518 sirvilii
939 2455 1225 2529 convincerentur,

115 2540 210 2625 quud
234 2541 303 2606 illis
327 2537 424 2606 oeus.
438 2541 566 2608 demum
589 2538 724 2604 definito
747 2545 894 2620 tempore
915 2536 948 2600 in
984 2539 1114 2620 proprio
1137 2537 1223 2599 Filio

115 2644 181 2692 suo
205 2624 388 2708 impertitus
408 2634 471 2691 est.
491 2625 641 2706 Tumrpie
664 2621 840 2710 magnifice
863 2619 1020 2684 describit
1044 2617 1139 2698 lurjns
1157 2625 1224 2682 lem

114 2711 265 2793 insignis
278 2709 530 2795 lledemptionis
553 2707 799 2781 necessitutem,
823 2703 1076 2801 profunditatem
1102 2709 1136 2765 et
1157 2709 1225 2767 stu·

113 2793 259 2879 pendam
282 2793 548 2878 umplitudinem,
579 2792 666 2856 unde
688 2800 722 2858 ct
744 2809 874 2869 omnin,
906 2805 1133 2872 qutiecnrnqne
1161 2785 1224 2852 de-

112 2877 322 2955 sideremus,
352 2879 384 2944 in
413 2878 488 2942 [len
518 2876 648 2941 ubundc
681 2877 879 2942 invenimus.
931 2867 1086 2938 Ostendit
1115 2889 1224 2957 porro,

114 2969 242 3047 quinutu
272 2962 359 3028 boun
387 2981 429 3026 ex
466 2960 531 3026 fide
563 2960 682 3024 bomini
711 2961 866 3035 rritlnnut,
895 2967 929 3025 et
960 2957 1020 3022 llei
1049 2957 1222 3020 curitutem

114 3047 289 3129 multiplici
315 3047 410 3110 tilulo
432 3044 648 3114 commendet,
671 3063 729 3126 pro
752 3065 817 3128 qun
840 3043 903 3125 ipsi
926 3040 1024 3104 eliurn
1048 3040 1220 3104 ceritatem

113 3131 304 3212 rependere
326 3131 496 3208 debemus,
518 3131 591 3194 sine
614 3149 680 3213 qun
703 3127 904 3192 beatitudine
929 3127 1066 3190 coelesti
1081 3143 1144 3188 non
1162 3141 1222 3206 po-

117 3213 252 3292 tiemur,
273 3219 426 3280 ementes
447 3220 554 3280 nutem
577 3233 648 3278 eum
670 3211 831 3278 imiterio
858 3218 957 3288 ortetq
985 3210 1017 3272 in
1047 3227 1110 3292 qno
1139 3224 1221 3271 vcro

118 3295 205 3364 bueo
224 3297 288 3364 Dei
308 3297 459 3376 imitutio,
482 3315 567 3384 qrree
588 3297 718 3363 nonnisi
743 3315 802 3382 per
824 3231 969 3358 divinem
990 3293 1135 3377 gronium
1160 3287 1223 3352 du-

116 3387 183 3460 tur,
204 3382 378 3462 consistet,
400 3385 573 3468 perpulcre
596 3380 755 3464 deinceps
778 3379 946 3463 explnnnt.
978 3377 1027 3438 Ac
1050 3379 1223 3458 postquem

114 3465 164 3530 ite
186 3465 349 3542 ostendit,
384 3469 483 3532 vitum
512 3465 688 3530 virtutibus
723 3465 852 3548 plenum
880 3479 924 3526 ex
952 3475 1034 3524 veru
1057 3456 1122 3521 lide
1145 3473 1224 3551 pro·

113 3551 236 3626 fluere,
270 3549 367 3616 docet
390 3571 503 3636 porro,
539 3568 652 3614 vcrnrn
676 3565 805 3632 quoqne
827 3545 1048 3632 cognitionem
1081 3559 1124 3606 ex
1152 3544 1223 3604 vite

114 3637 221 3720 probe
243 3634 330 3712 oriri,
352 3642 388 3700 et
408 3644 500 3701 recte
522 3631 665 3719 uiridem,
688 3651 761 3698 curn
784 3639 922 3716 utreque
946 3646 985 3691 se
1007 3625 1148 3691 invicem
1166 3625 1223 3708 ju-

113 3725 187 3792 vet,
209 3723 347 3804 utroque
367 3719 400 3784 in
424 3719 541 3786 endem
564 3715 678 3784 iudice
709 3711 919 3802 profundiore
947 3709 1096 3796 quiescet
1125 3703 1222 3798 (nb

202 3795 405 3973 Qirnmqunm
429 3905 510 3952 vern
531 3886 615 3952 lincc
636 3884 780 3968 epistole
803 3881 908 3966 ignoti
929 3879 974 3944 sit
991 3877 1223 3957 auctoris,nec

115 3986 214 4052 porro
245 3971 331 4035 iuter
360 3978 453 4037 certe
476 3971 607 4034 l’ulrum
634 3967 894 4055 Apostolicorum
929 3970 1137 4028 monumento
1166 3977 1223 4024 re-

112 4053 197 4118 l'crri
218 4055 345 4141 possit,
379 4054 507 4139 plurimi
537 4061 649 4118 temen
677 4051 747 4116 lieri
776 4054 918 4114 meretur
948 4067 988 4113 eo
1007 4045 1223 4135 potissimnm,

111 4136 205 4222 qnod
227 4141 302 4221 ejus
324 4147 439 4204 enctor
460 4137 653 4224 complures¹
671 4136 763 4201 locos
784 4133 871 4198 omni
892 4131 1127 4197 observatione
1137 4123 1223 4218 5¹¹5·

113 4221 276 4289 normis
298 4223 457 4308 proferet,
479 4223 599 4308 quibus
621 4219 710 4286 houd
733 4235 840 4304 puuen
850 4213 1063 4282 Christianae
1083 4207 1223 4288 religio·

934 4319 1021 4387 13*
