2866 4652
1143 325 1238 406 Xlll

127 509 228 586 hund
256 509 380 608 ungui
406 509 480 584 erit
505 507 654 600 laboris,
682 503 772 584 illud
800 511 836 586 in
864 511 1116 613 wulpendinm
1140 511 1240 588 redi·

129 657 404 834 &mmm
447 766 486 833 nt
531 759 679 836 intimos
713 760 822 833 animi
857 780 995 835 sensum
1026 761 1238 862 exprimam,

126 887 193 985 qui
220 881 327 986 Opus
352 882 473 960 hocce
499 885 535 958 iu
562 883 683 962 luceru
711 881 849 959 editum
874 883 1164 981 subsequuntur,
1192 886 1239 961 li-

130 1019 221 1088 ceet
261 1007 349 1086 mihi
381 1006 444 1084 hic
485 1031 680 1111 usurpare,
712 1007 811 1108 qnod
845 1035 870 1084 a
904 1009 1076 1084 Patribus
1107 1007 1238 1086 didici:
1310 1061 1315 1069 -

133 1133 303 1222 ,Videor
329 1132 414 1208 mihi
438 1131 603 1210 debitum
630 1133 743 1234 hujus
766 1130 914 1235 Operis,
940 1132 1141 1233 adjuvaute
1160 1137 1240 1214 Do-
1310 1115 1315 1127 ’

90 1341 94 1348 ,
130 1263 242 1352 nino,
269 1256 494 1336 reddidisse.
520 1257 665 1351 Quibus
692 1283 828 1360 purum,
854 1258 917 1334 vel
943 1259 1075 1358 quibus
1094 1263 1240 1338 nimium
1342 1353 1372 1366 ,Ι

130 1399 205 1479 est,
233 1384 321 1460 mibi
357 1387 574 1485 ignoscant,
608 1383 739 1484 quihus
771 1391 892 1460 antem
926 1385 1019 1462 satis
1052 1394 1131 1479 cet,
1164 1411 1236 1463 non

132 1511 239 1604 nihi,
285 1508 357 1586 sed
410 1510 495 1586 lleo
547 1533 687 1588 mecum
746 1510 888 1610 gratias
935 1511 1239 1609 congratulantes

132 1643 280 1736 agenti
337 1635 445 1712 llaec
477 1645 618 1729 autem,
659 1657 753 1735 quae
786 1636 941 1737 scripsi,
990 1645 1052 1722 ,nt
1085 1638 1239 1738 prosint,

131 1773 197 1838 aut
221 1769 328 1838 certe
354 1760 444 1837 nihil
471 1761 596 1838 obsint
628 1762 797 1839 omnibus
824 1763 989 1854 omuino,
1026 1783 1176 1859 quornm
1202 1762 1240 1837 in

133 1911 260 1964 manns
286 1887 388 1963 forte
411 1884 652 1980 devenerint,
686 1894 725 1962 et
751 1887 882 1986 rogavi
908 1887 1029 1964 Deum
1061 1893 1101 1962 et
1128 1907 1241 1985 rogor

131 2019 173 2091 et
197 2035 311 2115 spero
338 2014 392 2088 ita
417 2010 512 2106 iore,
539 2013 574 2088 si
600 2011 697 2088 bene
722 2011 811 2090 mihi
837 2014 1013 2090 conscius
1032 2035 1125 2105 snm,
1143 2009 1241 2112 quod

131 2137 306 2216 ndbnnc
332 2137 468 2239 stylum
495 2138 622 2240 pinet
655 2136 828 2215 officioso
859 2137 998 2231 animo,
1044 2158 1117 2217 nou
1155 2139 1241 2214 vani

135 2265 293 2341 nominis
318 2264 541 2365 appetitione
567 2283 613 2338 ae
639 2264 854 2363 nugatoriae
880 2266 1142 2342 ostentationis
1174 2285 1241 2342 ec-

136 2391 277 2468 cessi!
338 2387 404 2475 ,Si
430 2413 503 2488 qua
528 2396 648 2464 auteur
674 2389 766 2464 vitia
794 2412 875 2464 urea
899 2390 1083 2489 perspicis
1115 2388 1242 2480 (Lec-

135 2523 196 2592 tor
221 2513 467 2612 benevolel),
493 2511 670 2614 ignosce,
697 2505 828 2587 eadem
855 2509 1003 2588 scilicet
1029 2511 1245 2588 sinceritate

137 2637 353 2716 dilectionis
380 2639 462 2716 milri
490 2647 622 2742 optans
648 2635 877 2730 medicinam,
903 2659 974 2735 qna
999 2632 1179 2711 concedis
1204 2645 1245 2712 et

134 2767 304 2842 renim·
335 2763 395 2860 i¹).
421 2765 529 2858 Quae
554 2767 691 2842 caritas
717 2762 879 2839 monebit
904 2757 1146 2860 corrigenda,
1172 2759 1242 2836 hn-

140 2891 278 2968 militas
303 2900 412 2990 grato
445 2892 565 2966 animo
600 2887 818 2966 emendabit.
870 2885 1061 2964 Proicere
1096 2888 1134 2961 in
1165 2907 1244 2962 me-

137 3015 212 3092 lius
238 3039 417 3115 nunqnam
444 3015 675 3092 erubescam.

225 3137 307 3217 Sed
342 3142 498 3216 maxime
540 3140 740 3218 Ecclesiae
777 3125 1014 3234 Catholicae,
1052 3159 1146 3238 qnae
1184 3146 1246 3214 est

141 3265 310 3342 columna
344 3276 385 3344 et
422 3265 682 3342 firmamentum
713 3264 900 3358 veritatis,
940 3287 1053 3363 ,qnae
1094 3265 1131 3338 in
1166 3265 1246 3339 suis

140 3387 343 3492 Episcopis
370 3413 582 3493 summoque
614 3389 770 3466 omnium
803 3387 925 3493 cupite
952 3390 1119 3465 Romano
1146 3387 1248 3463 Pon-

139 3515 240 3592 tiiice
275 3517 557 3593 successionem
590 3514 702 3590 habet
738 3514 980 3615 Apostolicae
1018 3514 1247 3591 auctoritatis

141 3639 245 3717 nullo
272 3649 439 3743 tempore
466 3643 720 3742 interruptam,
754 3663 847 3739 quae
878 3638 969 3714 nihil
1001 3663 1155 3740 unquam
1182 3663 1249 3740 pc-

139 3763 212 3840 tius
237 3762 385 3857 habuit,
417 3789 522 3865 qnam
564 3776 604 3842 nt
631 3763 863 3868 praedicaret
902 3771 1011 3866 atquc
1047 3766 1144 3841 omni
1178 3785 1250 3867 ope

144 3887 423 3968 custodiretur
461 3899 626 3968 tueretur
658 3889 860 3965 doctrinam
895 3911 946 3965 ex
972 3885 1115 3965 Christi
1148 3913 1250 3965 man-

148 4107 356 4124 ψ

196 4213 227 4276 *t
246 4219 275 4266 s.
296 4220 446 4284 augustin.
471 4221 511 4271 no
528 4214 615 4271 crvu.
635 4221 685 4270 ner
703 4220 755 4272 ιιι.
774 4221 865 4271 ιιιιι.
884 4231 911 4268 e.
928 4216 975 4269 ac.
993 4231 1022 4268 n.
1042 4216 1072 4267 o.
1107 4216 1147 4263 ne
1165 4213 1252 4262 urrrrt.

251 4309 381 4362 credendi
398 4313 434 4363 ed
452 4313 619 4364 moramur·
637 4325 668 4362 n·
685 4311 711 4362 l·
734 4314 762 4360 et
782 4313 865 4373 epist.
884 4307 943 4360 187.
960 4320 991 4356 n.
1009 4301 1055 4354 dt.
