2866 4652
1166 296 1208 362 48

96 460 251 545 adeoque
269 455 480 524 haereticum
495 456 655 526 bominem
675 457 857 526 ministrum
872 462 1070 530 sacramenti
1086 463 1222 546 baptis·

97 547 245 610 miessc
267 560 333 608 aon
358 560 471 625 posse.
515 541 584 608 Sed
605 544 720 629 quaeri
739 551 866 628 posset,
889 565 963 612 aum
986 547 1071 612 forte
1093 566 1212 631 appro·
1320 560 1328 576 ·
1355 541 1358 549 ’

97 628 189 694 batia
210 626 411 704 Ecclesiae,
438 625 512 692 sine
543 645 608 712 qua
639 645 735 694 nemo
768 628 855 694 iuter
888 627 956 696 88.
979 631 1098 700 Patres
1120 631 1210 697 rose·

95 711 226 808 nendos
253 716 325 807 est,
354 709 516 794 ejusmodi
544 710 835 817 certitudinemvet
854 715 1066 813 securitatem
1088 715 1131 780 ab
1154 734 1209 780 er-

96 789 958 966 {tantiststastatuta?situla?
971 799 1211 949 latitatis

99 984 239 1030 errores
266 969 383 1029 contra
416 961 511 1028 tidem
544 962 797 1048 deprehendere
823 967 946 1046 liccat,
980 966 1056 1052 quid
1080 967 1209 1032 deorum

99 1067 168 1114 uos
184 1047 315 1131 J'urabit
337 1045 513 1113 Ecclesiae
536 1048 731 1134 approbatio
763 1049 797 1112 in
829 1047 897 1116 88.
933 1043 1117 1117 Patribus?
1154 1057 1211 1116 aut

126 1150 169 1196 ua
190 1133 223 1196 iu
246 1151 283 1197 re
305 1129 459 1216 Scriptor
480 1131 728 1199 ecclesiasticus
757 1151 777 1198 a
804 1134 977 1218 probatus,
1009 1135 1029 1200 i.
1053 1151 1084 1202 e.
1110 1134 1212 1200 Pater

100 1152 282 1282 decresse
304 1215 476 1282 antecellit
497 1233 562 1280 uon
586 1151 800 1302 approbatod⁶

186 1299 378 1365 videndun
413 1298 546 1386 itaque,
593 1300 669 1386 quid
705 1301 770 1368 sibi
803 1301 959 1369 Ecclesia
994 1301 1100 1381 uelit,
1137 1319 1209 1367 cum

102 1384 304 1481 Sanctorum
329 1384 468 1481 'Patrum
499 1384 604 1450 libros
638 1386 809 1470 approbat.
864 1387 908 1453 Et
942 1385 1208 1483 primoquidem

102 1469 298 1648 {illidii
327 1474 406 1630 ab,
421 1473 923 1649 ¹¹33,ltl‘03,t,¹t¹¹ntttll⁸
939 1469 1209 1638 ,piltruda
1257 1579 1259 1584 ι

101 1637 229 1718 tulere,
259 1635 403 1702 diversis
432 1636 511 1702 lacet
538 1643 603 1704 tem
631 1637 742 1705 oribus
771 1647 804 1706 et
839 1639 921 1706 locis
957 1575 1143 1726 degentes,
1176 1639 1208 1702 in

100 1721 203 1786 unius
235 1725 346 1786 tamen
375 1720 553 1787 Ecclesiae
616 1721 780 1790 albolicae
815 1723 1040 1791 communione
1076 1729 1111 1788 et
1145 1721 1210 1786 tide

101 1811 368 1908 permanserunt,
390 1807 423 1884 ⁴)
445 1824 530 1889 „nec
552 1805 595 1871 ab
618 1807 691 1890 ejus
713 1806 780 1872 tide
801 1807 858 1873 vel
881 1805 1132 1893 praedicatione
1153 1823 1211 1870 se-

97 1889 209 1974 Juncti
230 1896 324 1964 sunt,
346 1889 408 1956 sed
431 1890 536 1972 ipsius
559 1891 796 1958 communionis
820 1909 879 1976 per
899 1889 1043 1978 gratiam
1066 1886 1131 1952 llci
1153 1909 1210 1952 us-

126 1993 167 2039 ue
199 1973 233 2038 in
265 1973 409 2040 ultimum
442 1973 527 2040 diern
556 1975 646 2041 vitae
675 1993 759 2041 suae
790 1974 882 2041 inere
936 1970 1124 2058 articipes.“
1156 1973 1209 2054 “)

102 1993 201 2125 dude
224 2057 310 2143 quod
332 2057 370 2124 S.
393 2058 604 2146 Augustinus
625 2057 665 2123 od
690 2059 880 2126 firmandam
904 1995 943 2125 8.
961 2055 1119 2146 Gregorii
1139 2057 1209 2121 Na-

101 2141 259 2208 zianzeni
285 2142 514 2208 auctoritatem
543 2142 707 2226 quondam
738 2143 838 2221 dixit,
872 2141 962 2209 baud
985 2142 1143 2224 immerito
1167 2140 1210 2206 de

101 2225 246 2314 singolis
268 2244 398 2312 qnoque
419 2226 497 2292 aliis
521 2225 589 2294 88.
614 2227 768 2294 Patribus
790 2228 864 2315 puri
885 2227 1013 2293 ratione
1036 2245 1210 2312 possumus

102 2329 290 2396 usurpare:
334 2311 418 2396 „Est
438 2314 532 2378 tanta
555 2331 707 2398 persona,
731 2319 767 2378 ut
788 2330 895 2398 neque
917 2311 974 2377 ille
996 2310 1057 2376 boc
1078 2310 1144 2376 uisi
1165 2328 1208 2376 ex

103 2395 171 2461 lide
193 2393 386 2461 Christiana
407 2395 556 2462 omuibus
579 2397 750 2466 notissima
773 2396 916 2475 diceret,
937 2412 1001 2459 nec
1023 2394 1072 2458 illi
1094 2393 1210 2476 (Epis-

103 2478 182 2562 copi
203 2477 257 2542 sui
279 2479 354 2543 aevi
376 2485 410 2545 et
424 2479 586 2566 regionis)
607 2499 685 2546 eum
703 2487 771 2546 tam
788 2480 911 2546 clarum
927 2478 1091 2542 haberent
1109 2484 1208 2559 atque

104 2560 357 2639 uenerandum,
383 2562 447 2628 nisi
473 2565 558 2631 baec
587 2566 630 2630 ab
660 2564 719 2630 illo
748 2561 839 2628 dicta
867 2581 909 2628 ex
932 2559 1053 2641 regula
1073 2558 1210 2623 notissi-

103 2663 185 2712 mae
214 2645 366 2712 veritatis
391 2663 411 2711 a
438 2645 653 2714 noscerent.“
673 2648 746 2726 m)
779 2686 819 2698 -
863 2642 989 2717 Eadem
1021 2660 1117 2726 porro
1148 2659 1210 2725 ap-

103 2729 259 2816 probatio
288 2665 517 2798 certitnffinem
550 2732 711 2818 praebet,
748 2729 912 2813 ejusmodi
943 2727 1055 2804 viros,
1091 2725 1146 2811 qui
1175 2732 1211 2791 ct

103 2813 183 2880 dum
210 2814 244 2878 in
275 2813 363 2880 vivis
385 2824 519 2896 essent,
551 2817 741 2882 universum
763 2814 949 2881 Ecclesiam
978 2811 1143 2893 docuere,
1176 2819 1211 2876 et

103 2897 212 2964 adbuc
240 2904 479 2984 postmortem
509 2900 691 2988 praeclaris
720 2900 875 2998 operibus
903 2896 1030 2962 relictis
1052 2914 1126 2962 eam
1149 2895 1210 2990 do-¹

78 2983 204 3061 cent,
234 2988 367 3067 praeter
397 2985 488 3051 vitae
508 2985 719 3050 sanctitatem
740 2984 907 3070 insignem
937 2979 1023 3047 baud
1053 2977 1210 3046 mediocri

103 3067 204 3132 etium
226 3064 413 3135 eruditione
432 3087 531 3135 sacra
553 3078 588 3134 et
608 3068 748 3134 scientia
769 3067 957 3136 eminuisse.
990 3064 1084 3130 llaec
1099 3070 1210 3129 tamen
1246 3111 1253 3124 .

105 3169 218 3216 eorum
252 3150 413 3232 scientia,
451 3171 547 3236 quam
580 3151 739 3219 Ecclesia
774 3150 1013 3236 approbatione
1042 3167 1107 3215 sua
1137 3147 1212 3213 uult

105 3231 353 3383 &ommes-plcre,
382 3235 503 3322 triplici
535 3237 737 3322 potissimum
768 3233 861 3300 modo
894 3251 972 3300 sese
1008 3231 1210 3312 manifestat,

131 3337 186 3384 um
207 3325 334 3384 scincet

169 3434 211 3513 ¹¹)
235 3430 289 3578 {⁰¹
311 3429 505 3580 δῖῐῐίρΙίἒίίοῖ
526 3421 733 3579 propopitur,
763 3429 841 3516 quid
870 3417 1024 3580 (ἐΙΙιιιῇεὲυε
1053 3422 1213 3576 (logenam

232 3527 1061 3683 ,aarancastaneus
1124 3527 1144 3594 r

168 3711 208 3782 bl
231 3710 289 3774 vel
310 3707 462 3776 doctrina
483 3709 609 3778 Christi
628 3711 680 3778 sic
701 3714 841 3796 accepta
863 3707 967 3774 variis
989 3706 1095 3772 modis
1124 3701 1211 3770 diln-

158 3991 191 4050 *l
207 3995 238 4043 s.
260 3995 390 4045 vincent.
409 3997 501 4047 Lirin·
518 3996 707 4047 Commonitor.
726 4010 752 4048 c·
771 3995 788 4048 3
807 3997 835 4045 ct
853 3993 887 4048 29
910 3993 965 4054 (cd.
987 3991 1106 4052 balaal·
1238 3996 1247 4011 ·

139 4087 193 4148 ”l
211 4092 474 4222 c⁰p¹¹⁰⁵1¹pg3m³³⁰m
492 4093 543 4143 sub
554 4093 666 4145 Gelasio
685 4097 706 4144 l·
727 4107 753 4144 a·
773 4090 826 4146 tat
840 4098 887 4146 vet
898 4089 960 4144 loo.
975 4095 1079 4154 (Enusl
1090 4091 1122 4140 l'·
1134 4086 1211 4138 Vlll·

212 4175 265 4210 co.
341 4193 349 4211 .
1250 4176 1258 4193 .

121 4255 195 4316 ***)
213 4261 243 4310 8.
265 4262 412 4324 augustin.
433 4275 458 4313 c·
477 4262 584 4314 Julino·
605 4261 625 4312 Ι.
645 4264 667 4312 1.
686 4275 715 4314 n,
738 4261 779 4314 16.
