2866 4652
204 335 246 402 at

270 509 309 590 4)
332 500 481 571 Omnium
510 499 608 566 etiam
631 497 829 566 Sanctorum
851 496 985 566 Patron
1012 497 1194 568 auctoritas
1215 499 1249 566 in
1271 519 1313 566 eo

331 603 462 738 genere
484 582 738 681 quaestionum,
754 600 839 670 quae
860 581 904 680 ad
925 581 1025 649 fidem
1045 601 1111 650 nou
1135 584 1313 684 pertinent,

353 670 427 737 deur
448 667 580 754 qurdeur
602 667 807 754 probabilem
827 665 919 746 lncrt,
941 673 1065 734 certam
1086 686 1153 734 uon
1174 669 1268 737 laert.

268 789 303 860 5)
324 785 363 850 lu
392 779 600 865 expositione
634 797 803 846 sacrarum
830 777 1000 845 literarum
1031 781 1210 847 communis
1238 799 1311 848 oru-

330 868 418 934 nium
440 863 640 930 Sanctorum
660 869 812 929 veteruur
827 861 1068 950 ‘intelligentia
1089 865 1310 933 certissimum

329 945 1309 1116 “fenore,latrinaeatalanten

198 1095 200 1100 ¹
329 1053 469 1186 affinium
491 1135 614 1182 sensus
636 1112 784 1202 Spiritus
800 1077 924 1182 ’Sancti
944 1133 1068 1182 sensus
1089 1115 1163 1202 ipse
1184 1117 1238 1184 sit.

201 1279 206 1292 .
266 1237 303 1308 o)
325 1228 445 1298 Sancti
467 1227 585 1294 Patres
606 1225 702 1293 simul
724 1243 839 1296 omues
858 1225 893 1292 in
916 1225 991 1294 tidei
1014 1225 1173 1312 domate
1193 1247 1308 1298 errare

329 1332 394 1382 nou
417 1317 566 1398 possunt.
588 1307 632 1383 ll)
1013 1329 1019 1340 ·

699 1525 736 1613 S.
764 1539 812 1602 15.

280 1682 459 1756 Menona,
483 1679 594 1764 qrridrrt
616 1675 773 1741 irrreo'tr'tnr
794 1676 975 1741 arroteritae
999 1675 1063 1742 88.
1088 1677 1230 1758 Palmae.

282 1848 329 1916 Ut
350 1847 532 1914 auctoritas
553 1843 620 1912 SS.
635 1842 770 1911 Patruus
792 1848 884 1912 recte
906 1841 1102 1924 deliniatur,
1133 1851 1213 1912 aute
1235 1863 1305 1911 our-

198 1934 254 2001 nia
276 1931 454 2000 videndum
477 1937 547 2008 ost,
580 1927 667 1996 uude
688 1927 876 1996 derivanda
902 1928 948 1994 sit
973 1946 1085 1995 eoruur
1113 1930 1305 2010 auctoritas,

197 2020 273 2086 sive
295 2017 413 2102 quibus
436 2015 595 2080 innitatur
617 2012 802 2079 momentis·
845 2010 933 2080 Sunt
953 2019 1063 2080 autera
1083 2012 1190 2080 haec:

281 2138 314 2202 a)
339 2127 518 2190 Sanctitas.
563 2124 755 2209 Requiritur
783 2123 817 2190 iu
845 2129 935 2192 teste
960 2123 1050 2192 tideli
1076 2130 1112 2192 et
1139 2125 1304 2213 magistro

196 2209 400 2280 'Proditionis
422 2207 557 2274 divinoe
579 2213 736 2274 accurato
756 2213 791 2275 et
811 2207 978 2295 protunda
1005 2207 1190 2276 divinorum
1215 2209 1303 2298 dog·
1427 2225 1428 2228 ¹

196 2301 317 2364 uratum
340 2301 375 2360 et
395 2293 506 2381 legum
528 2291 661 2378 peritia.
721 2291 773 2357 Ad
796 2290 884 2359 haue
910 2300 1021 2360 auteur
1040 2294 1188 2380 aptiores
1210 2293 1303 2362 luere

196 2380 316 2449 Sancti
338 2378 476 2456 Patres,
505 2375 593 2463 quod
620 2375 663 2442 iis
692 2375 791 2442 animi
818 2376 995 2444 virtutibus
1015 2376 1240 2458 abundarent,
1267 2384 1304 2446 et

194 2464 397 2534 coelestibus
420 2461 517 2530 donis
539 2461 796 2540 illustrarentur,
817 2478 904 2548 quae
926 2461 971 2528 ad
993 2469 1117 2528 rectam
1137 2460 1302 2529 claudo-

194 2568 259 2650 uae
280 2547 451 2648 doctrinae
472 2545 762 2614 conservationem
782 2545 1161 2644 atqueuintelligentiam
1182 2545 1216 2612 in
1238 2547 1302 2634 pri-

192 2628 1303 2812 tlttltlttltnrlfftt‘ltltttlllllatttlltloltlt

194 2799 290 2879 didit,
312 2799 387 2884 plus
409 2795 574 2892 conducit,
597 2812 988 2891 uragrsquenecessana
1009 2805 1064 2866 est
1085 2797 1210 2888 ingenii
1232 2799 1302 2865 uti-

192 2902 257 2970 que
278 2895 343 2947 uon
366 2880 519 2966 vulgaris
542 2877 679 2944 assidue
702 2878 887 2964 meditatio,
913 2883 1040 2949 animus
1061 2903 1082 2949 a
1104 2883 1218 2968 pruris
1239 2903 1302 2950 cu·

133 3035 145 3050 ,
191 2965 387 3055 piditatibus
409 2971 444 3029 et
465 2961 674 3049 opinionibus
695 2963 864 3046 irnruuuis,
890 2966 1043 3034 sincerus
1065 2965 1129 3034 Dei
1152 2985 1243 3034 arnor
1264 2975 1302 3034 et

190 3049 370 3138 religiosus
392 3048 504 3127 tiuror,
524 3048 644 3135 pietas,
666 3046 844 3126 humilitas,
867 3051 1019 3140 aliaeque
1040 3052 1192 3131 virtutes,
1213 3071 1299 3138 quas
1424 3101 1425 3110 ι

192 3133 260 3202 SS.
284 3132 440 3201 Patribus
472 3149 536 3198 uon
570 3131 719 3198 doluisse
754 3131 889 3200 anona
916 3155 979 3203 uos
1000 3136 1096 3203 docet
1117 3142 1153 3203 et
1176 3137 1300 3204 Eccle-

191 3207 267 3286 siae¹
286 3215 469 3284 declaratio
491 3215 591 3302 plane
611 3233 750 3283 securos
773 3215 884 3283 reddit
914 3229 965 3292 tv.
992 3205 1029 3296 S.
1056 3223 1126 3295 ll).
1180 3221 1301 3307 ltaque

190 3301 487 3389 „Sanctosl‘atres
509 3301 731 3386 praeveniens
747 3300 972 3369 misericordia
983 3303 1045 3370 Dei
1060 3304 1170 3403 gratis
1182 3304 1301 3371 illumi-

190 3391 300 3466 navit,
331 3393 367 3453 ut
394 3385 586 3461 crederent,
615 3387 650 3448 et
671 3403 818 3471 sequeus
839 3385 995 3453 instruxit
1015 3389 1232 3473 spiritaliter,
1261 3395 1300 3455 ut

113 3549 115 3556 y
190 3469 390 3561 docerent;“
411 3467 482 3543 se)
510 3467 625 3564 sicque
646 3468 837 3552 „Doctores
859 3471 1036 3538 Ecclesiae
1058 3489 1122 3538 uon
1144 3479 1211 3539 taur
1234 3474 1300 3560 ipsi

189 3555 326 3635 docent,
356 3573 454 3639 quam
476 3554 508 3619 in
531 3553 615 3637 ipsis
637 3553 750 3634 Dens,
779 3561 888 3622 rector
909 3561 945 3622 et
967 3555 1137 3624 habitator·
1155 3557 1298 3638 illorum,

189 3754 394 3772 *ἡ-

237 3885 266 3953 *)
286 3895 328 3944 ltu
351 3894 486 3945 Melatton
511 3895 601 3946 Οιιιιιι
627 3895 647 3946 Ι.
670 3907 712 3956 a,
739 3905 819 3958 quem
845 3899 931 3960 quoad
955 3900 997 3948 rel
1024 3901 1176 3949 osseuttaru
1200 3901 1295 3948 wenti

289 3969 354 4016 aaut
371 3965 506 4014 thlretur
525 3965 554 4013 Ρ.
575 3965 597 4013 l.
615 3964 643 4024 8.
665 3967 677 4016 1
698 3977 776 4028 seqq·
795 3969 968 4018 Masuriana
985 3969 1015 4017 S.
1035 3969 1098 4018 Elia
1117 3969 1147 4017 Ρ.
1168 3969 1204 4017 tt.
1222 3980 1248 4018 c.
1270 3969 1296 4020 Ι.

287 4035 466 4154 gallileae-egl·
478 4035 507 4083 P.
528 4035 563 4084 11.
580 4045 606 4083 c.
629 4036 652 4085 1.
689 4036 799 4085 Tolous.
818 4049 844 4086 c.
864 4037 880 4088 2
899 4041 928 4088 et
945 4036 974 4089 3.
1011 4039 1199 4090 Permnueder
1215 4039 1248 4088 l'.
1269 4037 1294 4088 l.

216 4198 262 4261 ⁴⁶)
280 4203 309 4252 8.
328 4201 456 4266 Fulgcut.
477 4201 562 4264 uosp.
583 4203 618 4251 de
638 4204 721 4252 verit.
741 4203 881 4264 praedest.
902 4209 930 4252 et
950 4209 1023 4269 grat.
1045 4208 1064 4256 Ι.
1085 4207 1107 4254 1.
1128 4197 1156 4257 u'·
1177 4203 1221 4256 ³3.
