2886 4660
707 481 744 576 S.
766 497 819 564 or.

213 641 268 707 Vl.
295 641 442 726 Coprrr’tio
457 640 614 704 historiae
631 639 718 702 ct'toe
730 639 858 701 Patrono
879 647 909 700 ct
927 637 1123 721 scriptoram
1140 639 1321 706 eorundem.

293 809 418 892 Quodsi
439 807 598 874 historise
621 804 876 872 ecclesiasticae
893 803 1040 891 cognitio
1053 805 1243 891 generatim
1263 827 1321 872 ue-

208 895 358 962 ceesaria
382 899 451 968 est,
480 899 516 958 ut
542 891 660 958 Sancti
683 891 802 956 Patres
831 895 922 955 recte
949 889 1196 976 intelligantur,
1228 899 1322 958 certe
1429 911 1430 924 ¹

210 979 299 1046 haurd
323 977 439 1044 minori
460 975 570 1062 gradu
593 975 730 1040 historia
752 976 843 1040 vitae
872 971 940 1039 SS.
963 973 1116 1052 Patrono,
1146 982 1182 1040 et
1210 977 1322 1060 scrip-

209 1071 332 1140 torum,
354 1081 438 1149 quae
459 1067 655 1144 supersunt,
678 1059 864 1144 requiritur.
907 1057 1047 1123 lllulturn
1071 1058 1193 1154 quippe
1214 1059 1322 1126 inter·

208 1157 262 1214 est
283 1150 388 1224 scire,
411 1165 473 1232 qno
497 1153 643 1231 tempore
669 1142 818 1209 Sanctus
849 1142 969 1229 aliquis
990 1141 1089 1209 l‘ater
1116 1144 1256 1220 vixerit,
1286 1151 1323 1210 ut

209 1233 347 1300 notitiae
369 1251 412 1296 ex
433 1228 572 1294 historio
593 1227 828 1293 ecclesiastica
851 1226 1043 1312 depromtue
1071 1233 1149 1308 apte
1177 1227 1322 1296 adhihe-
1430 1259 1431 1262 ¹

211 1324 324 1391 entur,
346 1335 405 1389 ne,
427 1331 514 1399 quae
536 1311 578 1378 ad
600 1313 653 1378 sui
675 1311 833 1397 temporis
856 1311 1045 1386 historiam,
1067 1329 1194 1388 mores,
1216 1312 1323 1380 disei-

210 1401 348 1488 plinam,
381 1398 551 1482 liturgiam
581 1417 641 1462 seu
674 1394 890 1462 hierarchiam
921 1395 1123 1480 pertinentia
1153 1403 1323 1470 memorat,

209 1503 383 1571 perperam
406 1481 645 1566 intelligantur.
668 1521 708 1532 -
752 1481 825 1544 Nec
848 1500 960 1562 porrum
983 1479 1097 1558 refert,
1122 1482 1269 1563 patriam·
1285 1489 1323 1548 et

211 1570 399 1656 regionem,
420 1569 453 1632 in
477 1565 649 1648 quotidem
672 1565 822 1631 Sionetue
847 1567 946 1630 l‘ater
975 1563 1074 1636 vixit,
1103 1584 1323 1648 cognoscere,

210 1657 288 1740 quia
309 1652 406 1718 aliter
427 1649 533 1730 Galli,
556 1649 651 1716 aliter
675 1649 748 1714 Afri
770 1668 831 1714 suo
851 1668 954 1716 sensa
982 1649 1168 1736 exprimere
1196 1657 1323 1728 amant,

212 1737 268 1804 alii
299 1737 333 1802 iu
368 1735 525 1812 tlriente,
553 1735 609 1800 alii
642 1735 674 1800 in
704 1733 819 1812 ltalia,
846 1733 981 1799 diverso
1011 1733 1182 1814 utrobique
1215 1735 1324 1812 modo,
1431 1789 1432 1794 ,

211 1820 421 1888 disseminati
441 1827 520 1886 strat
542 1837 684 1893 errores,
707 1819 823 1904 quihus
845 1819 974 1882 obuiam
993 1815 1041 1884 irc
1057 1837 1201 1884 necesso
1215 1821 1323 1886 cisium

211 1916 265 1972 est
289 1905 443 1971 l‘atrilrus
465 1905 593 1970 illarum
619 1903 802 1990 regionum.
825 1943 866 1954 -
910 1901 1085 1967 Plurimum
1109 1923 1241 1988 quoque
1269 1925 1324 1970 re-

213 1991 458 2058 tertexternas
481 1993 636 2055 accurrate
657 1987 744 2051 seire
758 1987 849 2051 uitae
865 1987 1134 2060 circunstantiae,
1149 1989 1181 2052 in
1203 1989 1324 2072 quihus

214 2075 340 2140 versati
362 2080 440 2137 sunt
455 2071 522 2137 SS.
540 2071 668 2146 Patres,
692 2078 805 2156 utpote
827 2072 1005 2156 exquibus
1029 2091 1193 2157 persaepe
1215 2074 1326 2138 hornen

213 2157 353 2243 affulget
375 2157 526 2220 obscuris
548 2155 740 2238 ceteroquin
764 2155 855 2220 loris.
903 2155 976 2221 Huc
997 2155 1154 2242 imprimis
1169 2167 1326 2242 spectant

212 2261 324 2308 eorum
347 2241 445 2304 animi
467 2239 609 2318 indoles,
633 2241 736 2322 prima
758 2239 919 2304 institutio
943 2246 1042 2324 atque
1064 2241 1228 2324 educatio,
1247 2261 1326 2308 cou-

211 2323 359 2391 versatio
382 2329 417 2389 et
438 2332 607 2411 suscepto,
629 2331 805 2410 antequam
829 2323 953 2390 Christi
976 2325 1174 2411 religionem
1196 2329 1327 2414 amplc-

212 2416 390 2490 xarentur,
413 2408 532 2488 munia,
554 2407 720 2474 amicitiae
743 2409 775 2472 in
799 2409 902 2494 primo
924 2410 1047 2474 aetatis
1075 2411 1155 2475 llore
1176 2413 1327 2493 junctae,

214 2495 374 2562 transitos
396 2492 438 2560 ad
460 2513 557 2560 sacra
580 2492 761 2558 christiana
785 2503 819 2558 ot
841 2493 932 2559 citare
953 2493 1030 2560 inde
1054 2503 1151 2562 actore
1170 2498 1325 2562 verlice-

213 2601 291 2646 sus:
315 2579 432 2644 notitia
455 2578 706 2658 magistrorum,
735 2579 896 2662 aquilus
918 2579 951 2644 in
975 2580 1082 2644 literis
1115 2580 1263 2665 profanis
1291 2591 1327 2646 et
1433 2597 1434 2622 ¹

213 2665 320 2730 sacris
343 2662 463 2728 eruditi
486 2658 590 2740 fuere,
613 2681 696 2747 quos
719 2663 870 2726 studiose
892 2663 1009 2728 imitati
1030 2671 1108 2729 suot
1126 2669 1158 2729 et
1172 2665 1327 2750 impense

215 2747 396 2820 coluerunt,
419 2744 493 2809 sive
516 2765 627 2811 eorum
645 2743 757 2832 tlpero
780 2747 916 2812 assidue
938 2749 1149 2829 evolventes,
1168 2751 1243 2814 sire
1265 2769 1326 2814 eo-

216 2851 284 2895 rum
309 2827 406 2892 lateri
429 2827 667 2900 adhaerentes,
690 2849 752 2895 nec
776 2831 882 2895 tainus
904 2849 1034 2909 eorum,
1057 2852 1140 2920 quos
1160 2835 1200 2898 ob
1229 2853 1329 2900 erro-

216 2933 270 2978 res
293 2912 371 2976 srdei
400 2919 459 2976 aot
486 2915 581 2977 varia
610 2916 742 2979 scelera
769 2916 946 2980 commissa
974 2916 1106 2982 aliasve
1134 2919 1175 2984 ob
1203 2937 1328 2985 causas

216 2999 470 3083 impugnantum
494 2999 618 3083 pariter
640 3001 786 3086 cognitio
809 3001 1008 3074 studiorum,
1038 3001 1155 3088 quihus
1179 3002 1220 3067 oh
1243 3021 1326 3068 cart-

215 3101 274 3146 sos
298 3083 447 3146 internas
469 3081 522 3146 cel
546 3092 704 3148 externas
728 3085 759 3149 in
784 3083 844 3150 hoo
866 3087 955 3150 ritae
978 3093 1067 3150 stato
1100 3107 1233 3172 operam
1265 3087 1328 3153 de-

217 3166 314 3252 dere,
337 3165 481 3230 moneris
503 3168 618 3245 etiam,
650 3169 735 3252 ‹prrod
760 3177 877 3250 postea
899 3171 931 3233 in
954 3171 1110 3236 Ecclesia
1133 3180 1327 3248 gesserunt,

217 3255 345 3316 demum
368 3259 526 3316 accurato
548 3253 694 3334 cognitio
717 3253 838 3330 litium,
861 3255 980 3340 quibus
1003 3255 1152 3341 impliciti
1172 3266 1272 3333 sirint,
1294 3263 1329 3322 et

217 3355 411 3414 earrsorurn,
440 3356 483 3403 ex
507 3333 625 3422 quillus
649 3335 728 3402 illae
750 3339 913 3426 originem
936 3345 971 3405 et
996 3341 1200 3408 incrementa
1223 3361 1328 3426 oepe-

217 3441 274 3498 re,
304 3420 543 3508 chronologica
571 3420 699 3486 demrrm
728 3421 839 3488 honum
867 3425 1007 3490 omnium
1030 3425 1204 3512 dispositio
1226 3427 1328 3492 serici

217 3526 325 3571 reram
349 3513 521 3594 gestarum
543 3513 699 3573 accurate
730 3507 954 3594 respondens,
982 3528 1025 3574 ex
1055 3528 1120 3598 qua
1150 3511 1329 3598 praecipue

219 3677 428 3692 -———

324 3792 399 3839 'tom
432 3791 482 3839 tot.
506 3819 534 3832 -
573 3793 897 3844 SnemsnuconCouctlte
916 3806 977 3845 eur.
997 3796 1059 3845 itte.
1079 3795 1182 3846 Gotett.
1222 3799 1328 3848 venet.

328 3859 406 3910 1728.
436 3862 529 3911 ΧΧΙΙΙ
548 3863 625 3911 volt.
646 3863 695 3911 tot.
714 3875 775 3912 cum
793 3867 989 3926 supplemento
1007 3868 1037 3916 J.
1056 3866 1090 3916 n.
1110 3870 1199 3935 munst
1219 3869 1331 3919 luccae

327 3927 405 3980 1748.
437 3932 475 3979 vt
493 3932 569 3978 l'om.
596 3932 647 3979 t'ot.
678 3957 704 3970 -
742 3937 791 3982 ss.
810 3933 998 3986 &scottorum
1019 3949 1089 3987 nove
1112 3943 1141 3987 et
1159 3941 1330 4001 arepto-stim

323 3998 458 4048 colteetto
476 4011 535 4048 cur.
554 4001 582 4050 J.
604 4001 635 4049 o.
655 4003 755 4051 Monst-
776 4005 852 4054 otor.
871 4011 901 4056 et
920 4007 1021 4056 venet.
1046 4007 1195 4059 tros-os·
1234 4011 1330 4060 xxx!

324 4069 401 4118 vell.
422 4071 470 4119 tot.
493 4095 521 4110 -
561 4071 679 4122 Decreta
697 4078 804 4124 oouutst
825 4081 854 4126 et
872 4089 994 4128 canones
1010 4085 1129 4128 emoritur
1141 4079 1331 4129 Gooctltorom

323 4143 461 4204 usquead
481 4142 561 4192 finem
580 4144 684 4192 saeculi
703 4149 814 4206 septtmt
834 4149 1000 4198 exaltentur
1019 4153 1047 4199 ln
1066 4150 1175 4210 Opere:
1203 4149 1332 4200 canones

323 4212 510 4335 lffiwmm
540 4218 569 4262 et
595 4213 783 4268 Gonetttorom
810 4224 955 4282 veterum,
988 4222 1034 4272 ed·
1059 4223 1158 4272 Brutus.
1203 4223 1332 4272 necarant
