2948 4662
1211 321 1274 388 825

170 488 288 576 parlim
311 485 421 553 adhuc
442 492 560 554 exiam
582 486 733 572 integra,
760 486 878 570 partim
908 485 1112 554 luterierunt.
1157 487 1277 556 Eorum

169 574 226 638 nlii
249 571 438 638 haereticos
458 589 544 638 suae
561 573 684 638 aetatis
707 571 935 651 debellarunt,
963 572 1019 636 alii
1041 574 1074 637 iu
1095 567 1134 638 S.
1157 571 1277 658 Scrip-

169 659 253 722 turis
275 655 498 742 explanandis
521 656 660 722 maxime
682 655 806 720 versuti
829 663 924 731 sunt,
951 657 1008 720 alii
1036 655 1166 724 demum
1188 658 1210 721 ii
1235 676 1277 724 ue

170 741 298 824 plurimi
323 739 545 826 apologeticis
567 748 626 804 aut
648 739 819 824 polemicis
839 739 975 824 seriptis
997 676 1276 808 contralieuisses

170 823 398 890 inclaruerunt
419 826 464 900 *).
507 823 633 888 Horum
655 822 858 889 celebriores
879 830 974 890 sonte

235 930 279 1024 i)
303 936 416 1016 Cirp'ru,
447 933 624 1018 presbyter
645 933 830 1011 Romanus,
859 932 898 1000 S.
927 933 1059 1000 irenaei
1080 933 1275 1022 discipulus,

296 1017 351 1104 qui
374 1019 482 1084 horuii
503 1025 565 1084 suli
587 1018 681 1084 initia
700 1019 829 1083 saeculi
852 1017 913 1084 iii.
957 1017 1093 1104 Scripta
1115 1022 1187 1102 ejus
1211 1021 1276 1086 tria

295 1102 381 1184 apud
414 1103 561 1168 Veteres
593 1101 823 1168 celebrantur:
857 1109 892 1178 al
935 1103 1037 1164 Prurou
1070 1104 1276 1186 ¹irrlgrriuilun

296 1186 461 1252 adversus
486 1187 675 1252 Artemonis
697 1193 732 1250 et
753 1185 918 1252 Theodoti
942 1184 1117 1260 haeresim
1140 1189 1173 1263 h)
1190 1187 1276 1251 lh'u-

294 1272 385 1354 logor
406 1281 521 1333 cortlru
545 1271 690 1333 Procius
718 1271 783 1333 eine
806 1271 988 1345 iiucuiua,
1018 1270 1276 1357 Montanisiitm3

295 1363 332 1422 el
364 1354 446 1418 iiber
476 1355 515 1416 de
548 1355 691 1417 ordonii
724 1364 861 1429 rrulriru,
898 1353 942 1419 de
1002 1373 1043 1418 iio
1076 1369 1274 1442 argumento

296 1439 394 1503 etiarn
428 1437 467 1504 S.
500 1437 703 1522 Hippolytus
730 1439 925 1524 scripserat.
975 1373 1100 1503 florum
1134 1440 1276 1506 omniurn

298 1523 430 1587 nonnisi
453 1522 643 1608 fragmenta
663 1527 852 1607 supersunt.
896 1522 1132 1608 Fragmentum
1144 1543 1276 1610 quoque

296 1605 543 1672 celeberrimum
565 1605 609 1670 de
631 1627 751 1668 carrione
778 1627 943 1668 atteruntur
968 1609 1233 1688 Scripirtrnruru,
1254 1626 1277 1672 ii

294 1691 476 1755 hlurutorio
498 1695 662 1776 repertum
690 1698 725 1755 et
751 1689 892 1768 editum,
920 1707 942 1753 a
974 1689 1170 1774 quibusdam
1200 1689 1275 1756 huic

294 1773 378 1858 Cajo
401 1775 589 1839 vindicatur
610 1781 713 1858 utque
734 1793 778 1840 ex
800 1773 946 1860 Dialogo
968 1772 1105 1840 laudato
1126 1774 1276 1859 deprom-

296 1865 363 1922 tum
385 1865 541 1924 censetur
562 1859 633 1940 ‘*).

233 1961 280 2055 2)
302 1969 410 2066 tainu
433 1967 934 2119 ἷιίήῆιιηιιι,,Ριιῐιοεῐίιιιιίεάςξ
962 1967 1084 2119 oppsiplo
1106 1967 1275 2120 Emmppp,

294 2070 431 2203 iiiiii
447 2070 684 2224 “hailai
703 2071 980 2223 iiiiiiiii
997 2072 1274 2222 ...attin

294 2225 373 2304 pilia
396 2223 473 2288 sive
495 2223 575 2286 iiiii
597 2223 733 2306 parioque
756 2224 794 2283 rie
815 2223 1008 2304 temporibus
1026 2223 1277 2288 accuratissime

294 2307 479 2389 compositi,
501 2307 533 2370 in
556 2307 674 2389 quibus
699 2306 742 2370 ab
765 2306 844 2371 orbe
875 2304 1008 2372 condito
1035 2324 1141 2390 usque
1170 2307 1214 2372 ad
1242 2327 1275 2374 a.

295 2391 427 2456 circiter
447 2392 521 2454 220.
547 2397 623 2474 post
637 2387 803 2455 Christum
827 2394 937 2454 natum
958 2390 1154 2474 praecipuos
1170 2409 1277 2456 even-

296 2481 350 2538 tus
371 2493 444 2540 eum
467 2479 625 2539 accurata
649 2479 831 2558 temporum
844 2473 1120 2539 ileterminatione
1135 2476 1276 2562 consig-

298 2559 400 2622 navit.
444 2557 537 2642 tipus
558 2557 638 2624 illud
666 2559 735 2639 jam
764 2557 888 2641 pridem
921 2556 1106 2638 intercidit,
1138 2577 1181 2624 ex
1211 2579 1276 2642 quio

296 2648 405 2707 ermen
429 2641 593 2710 Eusebius
619 2641 743 2728 aliique
765 2642 870 2724 ipsum
899 2640 1039 2706 insecuti
1066 2639 1276 2792 chronopra-

296 2725 350 2809 phi
372 2724 529 2792 hausisse
549 2725 719 2810 complura
747 2735 848 2806 niune
876 2726 908 2789 in
936 2743 1000 2790 suo
1026 2725 1152 2810 scripta
1208 2729 1276 2792 eri-

293 2828 394 2876 vasse
432 2811 656 2877 inueniuntur.
688 2849 729 2862 -
782 2811 963 2876 Praeterea
996 2816 1091 2874 extat
1125 2811 1276 2879 Africani

294 2897 431 2976 clariola
453 2897 506 2958 ud·
523 2896 707 2980 origenem,
742 2894 773 2958 in
797 2911 863 2978 qiua
894 2885 1061 2958 historiam
1085 2892 1276 2976 Susannae,

295 2997 380 3064 quae
403 2981 435 3044 in
451 2979 602 3046 Danielis
624 2979 708 3044 lihro
731 2978 864 3067 legitur,
885 2980 1029 3064 spuriam
1052 2987 1087 3044 et
1108 2997 1275 3046 cominen-

223 3266 255 3331 *l
275 3273 329 3322 linc
347 3276 389 3322 ita
406 3277 552 3325 distinctos
575 3277 707 3326 minere
735 3277 856 3338 placuit,
883 3281 913 3328 ut
936 3277 1199 3338 praemitterentur,
1229 3283 1276 3342 qui

279 3344 433 3394 haereticos
457 3349 651 3409 impugnarunt
675 3349 721 3396 vei
748 3342 779 3398 S.
804 3343 964 3409 scripturae
986 3359 1099 3408 oporam
1130 3355 1276 3408 cavarunt,

275 3417 333 3461 tum
361 3425 427 3463 uero
452 3421 653 3478 sequerentur,
680 3419 726 3479 qui
743 3419 919 3480 apologetica
943 3421 991 3466 eut
1014 3419 1150 3478 polemico
1174 3422 1276 3480 scripta

274 3487 372 3532 eontra
389 3484 518 3536 Gentiles
536 3489 699 3549 ediderunt,
719 3491 802 3548 nique
821 3491 875 3536 mm
892 3489 1016 3548 priores,
1041 3499 1120 3550 quarn
1140 3491 1276 3548 posterio-

276 3563 323 3602 res
342 3565 378 3604 ex
391 3559 488 3606 oroiuo
506 3559 639 3618 temporis
657 3561 879 3618 disponerentur.
911 3558 1060 3606 l‘raeteren
1083 3557 1154 3607 hauri
1179 3559 1228 3610 aba
1244 3571 1276 3608 re

278 3625 367 3674 risum
393 3634 453 3685 esi,
478 3629 623 3678 nonnullos
641 3631 793 3688 scriptores
811 3625 1017 3676 ecclesiastieae
1044 3628 1089 3676 iric
1112 3624 1276 3693 adjungere,

273 3697 321 3755 qui
347 3697 375 3744 in
400 3700 496 3746 eotern
520 3701 683 3758 scriptorum
711 3708 816 3758 genero
835 3697 935 3748 ionum
958 3698 1014 3746 eiiii
1033 3705 1219 3760 pepererunt,
1247 3706 1276 3750 et

275 3759 400 3826 ejusden
419 3771 523 3816 aeteus
540 3771 652 3831 genium
672 3777 740 3828 pree
759 3779 790 3816 se
808 3767 913 3829 lerunt,
931 3772 1057 3830 quamvis
1075 3767 1147 3818 torte
1163 3770 1277 3821 saeculo

273 3835 380 3884 demum
397 3841 526 3900 sequenti
545 3840 679 3888 vixerint.

206 3921 252 3988 ”i
271 3931 310 3981 ne
325 3929 395 3995 cajo
413 3937 467 3984 uu
483 3937 543 3984 viu.
564 3935 665 3984 nossa
685 3935 790 3984 arsur.
810 3933 919 3984 aoeies.
938 3935 988 3986 iio.
1009 3935 1036 3986 a.
1062 3945 1087 3984 e.
1106 3934 1151 3987 25.
1177 3939 1206 3985 et
1225 3937 1274 3985 riu.

274 3999 301 4052 e.
321 4013 347 4052 e.
368 4003 413 4054 20.
450 3999 483 4052 8.
503 4006 668 4064 iiieronyrn.
686 4006 723 4053 oe
739 3999 875 4066 Scriptor.
896 4005 1004 4055 licetne.
1024 4015 1051 4054 o.
1070 4002 1115 4058 59.
1152 4006 1277 4055 l'heoeo-

191 4073 202 4098 ’
271 4077 324 4121 ret.
346 4075 461 4123 liceret.
481 4074 580 4123 Fauni.
601 4071 651 4122 lina
671 4073 698 4124 2.
727 4085 752 4122 c.
773 4072 799 4124 5.
821 4075 895 4125 Pirot.
913 4073 979 4124 Geti-
999 4070 1043 4126 te.
1062 4080 1103 4135 ip.
1125 4073 1193 4128 ιω.
1230 4073 1274 4122 ct.

275 4143 402 4193 Galloni.
420 4145 455 4192 Τ.
474 4143 509 4192 il.
527 4144 679 4205 iiruicgonr.
698 4154 725 4192 c.
748 4139 789 4192 it.
809 4147 838 4192 et
856 4143 974 4205 iamper
992 4145 1021 4194 Ρ.
1036 4145 1098 4194 vii.
1120 4158 1147 4206 p.
1163 4139 1275 4192 ii-ii.

277 4239 304 4252 -
328 4213 496 4274 tinguente
514 4211 633 4276 operum
651 4208 732 4274 cuju,
758 4223 828 4275 quoe
848 4213 930 4264 hodie
952 4217 1013 4266 noia
1031 4218 1143 4276 emant,
1161 4211 1277 4273 collegit

275 4286 305 4330 nt
323 4283 413 4332 edidit
429 4281 558 4334 omnni-
576 4285 611 4334 τ.
629 4283 667 4334 ii.
686 4295 713 4344 p.
734 4281 852 4336 203-8.
1384 4289 1390 4302 “
