2880 4660
223 485 426 571 Complures
449 485 587 572 scripsit
607 443 780 571 epistoias,
802 505 888 573 quse
907 486 1149 554 admonitiones
1171 507 1253 554 onn-

141 573 294 637 tinchent
316 576 352 636 et
372 569 636 649 exhortationes,
658 589 741 719 guas
763 578 830 636 tum
852 570 895 636 ad
920 573 1046 640 uicinas
1059 572 1253 672 ecelesias,

142 663 176 721 nt
196 675 259 721 ees
280 653 512 732 confirmaret,
542 661 607 720 tuin
637 673 656 717 e
708 656 867 739 quosdam
901 675 942 722 ert
975 657 1130 722 fratribus
1152 663 1251 724 misit.

142 761 192 824 Ex
223 758 319 823 hisce
349 757 501 822 omnihus
530 756 662 821 nonnisi
694 756 792 821 unice
826 745 988 838 epistola
1013 742 1066 816 tul
1091 741 1251 842 Phiiip-

141 867 274 944 psuaos
309 861 344 933 ⁰)
367 865 510 922 aetatern
534 857 618 934 iniit,
641 875 728 942 «quse
749 861 899 925 omuibus
922 871 989 925 tum
1011 863 1168 938 externis,
1182 863 1255 928 ιιιιιιΙ
1281 887 1285 894 ·

140 945 280 1009 internis
303 941 552 1008 characteribus
584 941 736 1025 praedita
765 952 829 1016 est,
862 944 949 1009 tunde
972 947 1049 1028 ,ejus
1079 944 1252 1010 authentia

143 1038 299 1094 constare
324 1026 441 1108 possit,
456 1027 510 1103 ”i
533 1024 682 1110 uticeque
705 1029 788 1089 citra
810 1027 942 1093 dubium
966 1027 1114 1114 genuina
1136 1028 1251 1094 haberi

144 1113 256 1177 dehet
300 1109 437 1194 Scripta
459 1117 510 1174 est
534 1128 609 1173 mox
633 1116 864 1193 postmortem
889 1119 1056 1176 truentum
1080 1110 1118 1177 S.
1141 1112 1250 1195 lgne-

139 1197 178 1260 tii
201 1195 362 1279 Martyris
384 1192 463 1280 [Cf.
488 1212 516 1257 c.
537 1197 566 1257 9.
590 1212 661 1257 oum
683 1211 712 1258 c.
737 1196 787 1258 13.
817 1195 914 1277 hujus
943 1191 1078 1283 epist).
1122 1195 1162 1260 lu
1186 1195 1251 1262 heo

140 1281 285 1366 epistota
308 1278 443 1365 primurn
466 1276 582 1341 iaudat
599 1277 856 1363 Philippensium
880 1277 973 1344 tidem
996 1298 1136 1365 eamque
1158 1295 1251 1345 com·-

142 1364 297 1446 mendet3
320 1375 400 1426 tuno
422 1361 519 1425 uario
539 1363 590 1424 eis
614 1369 793 1446 praecepta
816 1363 917 1428 tradit
940 1363 1080 1440 docens,
1107 1380 1172 1448 qua
1194 1381 1251 1428 ra-

141 1449 233 1514 tione
254 1445 491 1534 perfectionem
515 1443 738 1510 Christianam
760 1449 895 1529 assequi
925 1447 1073 1532 possint,
1108 1447 1251 1512 virtutes

142 1541 177 1598 et
198 1533 286 1597 hona
316 1547 419 1617 opera
441 1528 621 1608 sectando,
650 1532 733 1593 vitia
762 1529 934 1615 fugiendo,
968 1533 1109 1597 maxime
1135 1531 1257 1597 everi·

142 1617 233 1681 tiam.
283 1615 396 1681 hionet
435 1631 506 1691 eos,
541 1612 701 1699 quomodo
732 1612 795 1678 uiri
825 1614 1005 1680 Christiani
1038 1615 1252 1701 semetipsos,

144 1717 268 1765 uxores
296 1717 395 1772 suas,
427 1697 552 1762 hberos
585 1697 771 1783 vitioseque
805 1697 846 1762 od
882 1700 1034 1764 virtutem
1063 1699 1251 1785 instruunt3

141 1783 304 1859 ostendit,
334 1782 497 1868 quomodo
527 1783 720 1846 conversari
758 1782 905 1847 deheent
934 1781 1080 1859 dianoni,
1104 1784 1254 1864 Juvenes.

139 1876 175 1934 et
197 1869 427 1954 virginemn
449 1863 577 1932 demum
600 1865 796 1952 presbyteri.
842 1864 994 1932 foveant
1015 1883 1035 1930 a
1054 1881 1250 1950 quecunque

162 2213 165 2218 '
245 2211 340 2265 stum)
364 2211 458 2272 utpote
476 2210 578 2260 uitium
598 2211 648 2260 Dei
669 2211 838 2270 edorumure
865 2211 1002 2272 Martyres
1025 2222 1093 2262 vero
1112 2212 1250 2274 tanquam

247 2283 400 2341 disciputus
418 2284 448 2328 et
467 2281 623 2331 imitatores
639 2283 746 2332 Domini
764 2281 865 2331 merito
883 2293 981 2331 amors
999 2279 1198 2346 prosequimur
1214 2281 1249 2329 oh

250 2353 381 2400 eximiam
400 2353 522 2412 ipsorum
542 2353 704 2413 ceritatem,
729 2363 809 2413 qnam
832 2363 901 2412 erga
923 2363 1019 2413 regern
1039 2355 1069 2401 et
1091 2351 1251 2412 magistron

247 2433 328 2470 suurn
346 2423 539 2482 declararunt,
566 2433 680 2484 quorum
704 2433 755 2470 uos
774 2432 880 2482 quoque
898 2423 1038 2470 consortes
1061 2433 1094 2470 ao
1111 2413 1251 2469 condisci-

249 2491 329 2551 pnios
346 2492 406 2540 fieri
423 2492 551 2542 omnihus
569 2495 658 2542 modis
676 2485 834 2552 optumumst*
877 2489 953 2539 Nihtt
973 2492 1068 2551 itaque
1086 2487 1251 2538 christianis

251 2560 435 2622 coiiigentiunr
458 2561 599 2624 superfuit
617 2567 728 2623 praeter
750 2556 812 2621 ejus
829 2571 892 2607 osse
909 2560 1025 2622 geminis
1044 2557 1251 2617 pretiosissimis

253 2632 362 2679 cariore
379 2635 405 2679 et
422 2636 516 2694 quouis
535 2643 603 2680 euro
622 2631 798 2692 probatiora,
825 2639 895 2690 quae
922 2630 1034 2678 decenti
1056 2626 1117 2675 ioco
1136 2627 1250 2675 condite

250 2699 346 2760 inere,
365 2703 394 2748 ιιι
410 2712 443 2750 eo
461 2705 490 2752 tn
509 2703 571 2752 loco
588 2704 754 2751 recurrente
773 2701 920 2762 quotannis
937 2697 1067 2758 martyrii
1086 2697 1132 2744 tite
1150 2696 1184 2744 ed
1201 2705 1251 2746 re-

249 2770 366 2838 colende
385 2772 518 2821 beneficia
535 2773 657 2834 hiertyrt
675 2772 811 2821 diuinitus
829 2769 927 2819 coliate
950 2769 1125 2830 animumque
1149 2767 1183 2815 ed
1207 2766 1250 2815 st-

245 2840 342 2890 mitem
368 2839 557 2892 tortitudinem
583 2843 814 2893 corroborandum
841 2839 1034 2891 convenirent.
1087 2837 1153 2887 vid.
1179 2836 1251 2886 Acts
1291 2861 1298 2866 -

245 2913 364 2973 steuyr.
384 2911 414 2960 s.
433 2910 582 2974 Polytarpt
600 2913 691 2966 o.·'17.
710 2916 739 2962 et
759 2909 801 2961 18.

191 3004 226 3072 *)
245 3010 278 3059 in
296 2997 404 3088 ppu'cis,
421 3021 491 3072 quae
509 3011 592 3061 hodie
610 3015 717 3068 extent,
736 3003 818 3072 hujus
836 3008 973 3070 epistotae
985 3005 1067 3058 codd.
1078 3006 1146 3056 hies.
1165 3015 1250 3083 ψο-

245 3083 288 3129 ois
304 3082 431 3130 omnihus
449 3081 565 3139 epistota
585 3083 653 3132 tinec
672 3093 732 3130 conr
751 3079 869 3140 epistota
888 3079 1032 3128 Barnabae
1051 3087 1160 3137 semper
1180 3087 1251 3138 Jun-

247 3153 333 3212 gitur,
351 3153 402 3211 its,
421 3147 608 3213 uti’oiyourpi
626 3150 745 3213 epistota
762 3150 923 3210 praecedet.
949 3149 980 3196 in
999 3157 1034 3195 eo
1052 3157 1133 3207 perro
1152 3155 1248 3194 exem-

228 3219 328 3283 ·pisri‚
346 3222 421 3270 unde
439 3219 564 3283 dedices,
583 3225 629 3284 qni
647 3223 796 3283 supersunt
813 3220 905 3276 hodie,
923 3218 989 3266 otim
1008 3217 1089 3265 inere
1105 3215 1249 3288 descripti,

248 3291 359 3339 tthrsrti
382 3294 444 3340 sire
467 3302 578 3353 errore,
598 3295 660 3340 sire
677 3283 841 3349 oscitantia,
861 3287 1006 3349 quaternio
1025 3285 1144 3346 excidit3
1169 3293 1250 3342 nujus

248 3361 359 3410 detentu
378 3361 482 3411 iactum
507 3366 565 3424 est,
590 3365 621 3411 ut
643 3364 672 3410 in
691 3362 807 3410 Graecis
825 3357 1022 3418 superstitibus
1040 3358 1069 3402 ei
1086 3352 1168 3400 tinem
1187 3353 1251 3410 ept-

245 3425 495 3493 stoisePotynerpi
512 3431 551 3491 (o.
562 3428 690 3486 itt-tt.)
708 3433 897 3479 desideremus
914 3431 943 3475 et
960 3423 1126 3487 principium
1144 3419 1250 3481 episto-

246 3501 293 3548 lae
313 3501 456 3550 itarnahee
475 3504 519 3556 (o.
543 3497 653 3559 1-5.).
697 3501 847 3560 Utriusque
866 3509 934 3546 vero
953 3493 1090 3556 epistotae
1109 3489 1250 3540 detectum
1343 3545 1344 3553 ἵ

245 3576 329 3620 vetus
347 3570 435 3619 iatine
453 3572 645 3631 interpretatio
662 3569 820 3630 snppieuit,
839 3570 923 3626 adeo,
949 3571 980 3616 ut
997 3569 1115 3624 utreque
1134 3557 1250 3623 epistola

247 3643 361 3704 integre
376 3642 518 3704 hahentur,
533 3653 569 3690 ex
584 3643 662 3703 parte
674 3649 777 3702 graece
795 3642 824 3694 ct
841 3649 875 3687 es
893 3640 971 3698 perte
988 3635 1086 3685 iatine.

176 3729 226 3798 ⁸⁸¹)
244 3739 328 3856 {littus
342 3741 450 3861 fizimgs
469 3721 1248 3864 miraminit48.(ireuteusnssi’griygttrgloffiisfflfflimax.

265 3819 323 3858 aer·
386 3839 395 3856 ο
433 3821 486 3858 00·
524 3821 581 3859 sne
619 3837 627 3856 e
662 3819 775 3857 vomu?
864 3818 880 3854 ⁰
933 3818 942 3848 l
1184 3825 1249 3854 ι’·

247 3881 306 3927 euti
324 3879 358 3929 eb
377 3882 473 3928 eodem
492 3881 514 3928 ι.
533 3891 556 3929 c.
576 3891 605 3929 ιι.
623 3875 651 3928 3.
671 3880 700 3926 s.
720 3875 871 3926 cienentie
891 3877 966 3924 item.
986 3873 1074 3936 Epist.
1092 3871 1116 3919 i.
1140 3870 1175 3918 ed
1194 3866 1250 3917 Gn-

248 3949 336 3997 rinth.
356 3952 451 3998 eodem
477 3949 568 4011 eiogtn
592 3946 813 4002 commendatur)
837 3946 938 3996 liuenti.
966 3944 1019 3993 lib.
1036 3939 1062 3993 lt.
1093 3952 1117 3993 c.
1139 3935 1181 3988 ιίι.
1218 3940 1249 3983 e·

246 4019 364 4068 iiteron.
385 4021 419 4068 de
440 4020 510 4067 utris
530 4018 617 4067 illust.
636 4031 662 4068 o.
685 4017 744 4078 lit,
769 4019 816 4080 qui
841 4027 901 4066 earn
920 4019 1001 4064 vocat
1027 4011 1132 4072 „ratde
1152 4005 1250 4057 utilem

247 4089 404 4149 epistotam,
424 4099 495 4150 quse
514 4099 600 4150 usque
618 4089 698 4138 hodie
715 4090 744 4137 in
763 4089 849 4137 Asiae
863 4088 999 4135 conventu
1012 4072 1150 4146 iegitur‚“
1169 4069 1250 4121 Prot.

243 4156 312 4206 Cot.
334 4157 395 4208 126.
432 4157 519 4221 Quem
538 4162 601 4220 epte
619 4160 735 4209 criteriu
753 4152 834 4218 hujus
853 4155 988 4217 epistotae
1005 4153 1038 4202 uh
1055 4145 1186 4208 antiquis
1204 4142 1250 4187 in-

247 4229 343 4277 dicate
361 4229 453 4278 rident
471 4230 649 4288 convenient,
668 4230 726 4278 vid.
744 4227 879 4277 iscohson
896 4225 929 4275 Τ.
951 4226 986 4272 ιι.
1005 4235 1032 4283 p.
1051 4211 1185 4270 hii-12·
1204 4205 1250 4258 Cf·

247 4298 372 4350 haemon
390 4299 504 4352 vindic·
524 4299 614 4363 ignet·
633 4297 664 4348 Ρ.
684 4299 706 4346 ι.
726 4307 752 4348 ο.
771 4297 798 4346 5.
967 4347 1043 4418 m
