2944 4652
155 425 361 514 suscipiant,
392 423 636 494 catechesibus
659 426 786 492 assidui
810 425 937 502 adsint,
958 443 1024 492 nen
1046 426 1155 494 uttam·
1170 445 1271 516 prae·

157 515 360 588 terminant,
389 511 616 598 'diligentique
639 529 680 576 ao
701 509 821 580 sedada
842 512 983 576 omnium
1008 512 1165 578 tonorum
1189 530 1272 598 opes

158 619 229 666 rum
258 594 498 674 exercitatione
531 615 570 661 re
589 603 809 680 praeparent.
861 593 1020 681 Sequitur
1050 595 1200 672 (Cateeh.
1232 597 1272 674 l.)

160 682 275 748 breuia
304 679 468 766 quaedam
502 679 546 744 ad
582 679 777 763 baptismum
805 677 975 754 invitatio,
1009 684 1272 748 commemoratis

158 765 475 850 ejusutifltatitrus,
503 771 539 828 et
567 763 756 828 adhortatio
778 763 823 828 ad
845 763 934 828 ilium
957 763 1063 852 digne
1085 782 1271 849 repreasen-

159 851 252 928 dum,
270 869 350 932 cum,
367 849 562 914 uberrimum
586 843 824 940 ejusgratiam
839 847 932 914 Deus
950 865 1013 914 non
1030 849 1110 929 sinn¹
1127 850 1272 930 delectu,

160 935 227 1000 nee
253 934 381 1018 aisque
411 934 664 1018 praeparatione
699 932 819 998 mentis
852 933 1067 1002 consideratu
1097 933 1271 1004 concedat.

161 1019 248 1104 Toup
267 1015 414 1101 Cyrittus
436 1015 585 1094 (Catonia.
606 1015 664 1092 ΙΙ.)
693 1015 735 1078 ad
766 1015 999 1099 poeniteutiam
1025 1023 1060 1082 et
1081 1019 1271 1084 contessio-
1364 1047 1369 1052 ·

160 1121 245 1173 nem
269 1115 335 1187 spe·
359 1097 566 1168 remissionis
593 1106 800 1184 peccatorum
835 1099 1058 1183 baptizandos
1076 1101 1272 1174 adhortans,
1376 1115 1385 1122 ·

160 1189 294 1272 pocomi
328 1185 484 1251 malitium
517 1172 697 1271 describit3
727 1182 800 1265 ejus
825 1184 991 1270 originem
1019 1203 1062 1250 ex
1102 1186 1306 1267 uoluntate,

158 1270 304 1338 hominis
335 1271 440 1336 libera
473 1275 510 1336 et
540 1269 663 1336 diaboii
699 1268 923 1355 suggestione
956 1269 1093 1354 repetit3
1122 1269 1271 1354 denique

161 1354 275 1422 moitis
306 1353 346 1420 S.
377 1354 574 1440 Scriptura·
605 1353 767 1438 exemptis
806 1359 957 1439 papatum
996 1353 1203 1418 demonstrat
1238 1356 1271 1418 in

160 1438 368 1524 poenitentia
390 1437 529 1504 hominis
552 1457 593 1520 ue
615 1437 728 1504 divina
752 1438 898 1502 bonitate
921 1436 1108 1506 remedium·
1130 1471 1173 1488 ·-
1199 1437 1272 1504 Hor

160 1527 273 1586 autem
308 1523 505 1599 remedium,
534 1523 660 1608 inquo
683 1519 776 1592 D'eus
807 1521 1033 1586 remissionem
1063 1527 1272 1606 peccatorum
1351 1528 1359 1543 '

160 1605 409 1691 poenitentibus
431 1607 618 1686 constituit,
647 1607 679 1669 in
704 1606 867 1689 baptismo
887 1605 984 1669 situm
1007 1624 1088 1671 esse
1109 1605 1229 1671 deince
1253 1627 1272 1670 a
1328 1639 1334 1658 ι

160 1689 312 1770 ostendit
332 1691 484 1768 (t'aterh.
509 1691 594 1776 tlt).
639 1687 747 1772 Hujus
768 1689 966 1773 ignitatem
997 1690 1145 1772 pluribus
1167 1627 1272 1756 lindis

158 1775 389 1852 commendat,
419 1777 557 1861 ejusque
591 1773 634 1840 nd
670 1775 812 1840 satutem
830 1773 1076 1840 necessitatem
1109 1773 1271 1858 adstruit3

162 1865 277 1946 partes
309 1861 383 1939 eius
413 1851 570 1944 exponit,
591 1859 722 1936 seilicet
744 1877 879 1941 nouom,
907 1876 991 1942 «purae
1015 1876 1134 1941 corpus
1157 1857 1272 1938 abluit,

162 1951 201 2007 et
222 1943 369 2028 Spiritus
391 1941 429 2008 S.
455 1943 614 2030 gratiam,
645 1961 732 2028 ¹quae
755 1944 897 2006 unimam
918 1941 1076 2014 emundat
1098 1948 1132 2006 et
1153 1941 1274 2027 obsig«
1363 1937 1372 1945 '

164 2029 408 2106 nan-effectus
430 2021 575 2112 denique
598 2027 807 2112 persequitur
829 2025 1085 2111 mirabilequui
1099 2033 1272 2102 suntpeo-
1316 2091 1319 2098 ,

161 2117 310 2180 catorum
334 2112 434 2178 etiam
485 2114 730 2178 rarissimorum
744 2111 906 2191 remissio,
917 2113 1064 2178 societas
1083 2129 1154 2176 curu
1173 2107 1272 2186 curi,

160 2200 216 2260 sto
237 2201 275 2262 et
294 2196 428 2302 simiiitu
496 2197 605 2283 ipsius
624 2202 688 2262 eto.
756 2296 760 2304 Ι

419 2335 427 2350 ’
557 2401 595 2498 ,·
652 2377 692 2496 S.
711 2391 783 2459 tar.

167 2531 377 2596 Conio'mrntr‘o
417 2535 633 2598 Cuteodeaeon·
667 2501 721 2598 S,
743 2500 862 2616 Cprtttt
902 2501 1189 2611 ttioorotpmtrunt
1211 2501 1275 2601 ,nd

599 2617 845 2698 dllrrrrtt'nnadon
882 2665 887 2686 .,
1261 2625 1265 2636 ·

252 2783 316 2850 His
337 2783 441 2865 ueluti
463 2783 727 2870 praeparationis
750 2785 862 2876 gratia
885 2781 1078 2870 praemissis
1101 2779 1143 2848 ad
1166 2777 1275 2868 expli-

161 2867 274 2934 canda
296 2867 510 2936 Christianae
533 2869 613 2947 tidei
637 2867 1073 2956 rudimentanggreditur,
1103 2865 1189 2964 quod
1213 2885 1275 2930 ex-

164 2953 356 3038 planatione
387 2954 538 3040 Symboti
573 2954 809 3038 praestandum
841 2961 926 3020 erat.
975 2949 1084 3032 ,Quem
1112 2971 1146 3016 ru
1179 2949 1274 3014 finem

162 3059 325 3106 summam
361 3035 437 3104 tidei
468 3039 680 3110 Christianae
707 3037 900 3122 compendio
933 3035 1073 3122 quodam
1103 3034 1276 3120 complecti

161 3141 205 3187 ae
227 3123 457 3206 explanationi
481 3121 631 3206 Symboti
655 3125 867 3208 praemittere
889 3121 1050 3199 instituit,
1073 3127 1107 3183 ut
1131 3137 1188 3203 per
1210 3137 1276 3206 ge-

163 3205 315 3270 neratem
344 3207 569 3271 universorum
598 3205 674 3272 idei
701 3205 901 3271 nostrae·do
931 3215 1051 3270 matum
1073 3203 1276 3270 intermunu-

164 3307 241 3354 nem
264 3287 446 3353 auditorum
468 3284 843 3376 auimospraeparinet.
876 3363 879 3374 ¹
922 3291 952 3353 io
981 3289 1082 3376 igitur
1108 3287 1277 3352 inculcata

160 3371 281 3437 retine
305 3369 477 3438 doetrinae
498 3379 532 3438 et
555 3374 710 3442 bonorum
732 3369 866 3458 operum
889 3373 962 3459 pari
984 3369 1026 3437 ad
1049 3371 1190 3441 satutem
1215 3390 1277 3437 ne-

163 3455 327 3523 cessitute
351 3453 466 3522 decem
489 3456 684 3544 principalia
706 3457 782 3523 trdei
797 3457 1009 3524 Christianae
1031 3453 1190 3545 dogmata
1204 3459 1277 3520 tra-

158 3537 231 3620 dit,
252 3539 399 3624 eoilicet:
420 3539 473 3609 Do
496 3541 593 3626 Βοῦς
617 3541 660 3624 de
683 3537 836 3622 Christog
862 3539 905 3608 de
926 3543 999 3624 ejus
1022 3539 1285 3626 Incarnntionu3'
1369 3596 1388 3626 ,

161 3623 214 3694 de
230 3627 444 3709 eiusmorte,
465 3627 641 3712 seputtura
661 3634 696 3696 et
717 3623 761 3712 ad
783 3625 909 3694 interos
933 3627 1117 3708 descensu3
1140 3622 1182 3693 de
1202 3627 1277 3707 etrus

163 3711 426 3788 resurreetione,
448 3713 650 3779 asoeustoue
671 3719 707 3779 ot
728 3713 883 3780 sessione
905 3710 948 3776 ad
972 3708 1144 3774 dexteram
1165 3708 1277 3775 Patris

165 3793 441 3889 aedessenum
465 3798 555 3864 ittius
576 3795 744 3876 sorrentum
768 3795 811 3862 de
833 3793 963 3882 Spiritu
978 3789 1126 3878 Sarretog
1149 3789 1191 3857 de
1214 3793 1277 3858 ho-

166 3893 263 3942 mrms
284 3885 320 3944 et
341 3879 508 3956 emtarum
531 3884 603 3966 ejus
627 3881 784 3968 partium,
815 3883 946 3946 animae
974 3877 1121 3941 nimirum
1139 3877 1179 3942 ‘et
1200 3893 1277 3942 eor·

163 3961 270 4045 poris,
299 3971 438 4044 naturas
468 3965 610 4052 denique
642 3964 685 4031 de
716 3965 961 4050 resurreetione
982 3959 1135 4048 generali
1159 3968 1198 4036 ot.
1215 3978 1279 4024 no-

162 4041 301 4111 vissimo
325 4045 465 4132 judicio.
521 4047 647 4130 Quibus
670 4067 711 4116 ex
737 4047 836 4131 ositis
857 4047 977 4112 fontem
1001 4047 1113 4112 horum
1137 4043 1277 4109 omnium

162 4125 357 4217 dogmatum
379 4130 523 4208 indicat,
551 4135 688 4218 nempe¹
722 4179 731 4197 .
754 4132 961 4217 Scriptorum
984 4130 1149 4198 ‚diuinitus
1171 4125 1278 4210 iuspi·
1316 4133 1322 4144 ·

160 4223 281 4300 ratam,
303 4217 402 4300 eujus
422 4213 578 4288 librorum
599 4219 667 4284 tum
690 4215 838 4297 Veteris,
859 4234 956 4302 quam
968 4215 1056 4282 Novi
1069 4209 1279 4279 Testamenti
