2886 4660
676 467 712 560 ς.
735 485 787 548 nt.

288 625 507 692 Continentia.
558 623 768 698 Collecttfuuet
793 621 929 708 Operatur
953 571 1205 694 OS.·Potrutn.„

264 795 345 877 His,
376 811 461 882 qnae
493 791 536 859 de
570 789 779 858 Editionibna
816 791 949 858 Petrum
979 789 1164 877 generatim
1200 789 1294 858 dicta

178 889 268 959 nont.
290 878 404 967 aiiqna
425 877 525 946 etiam
547 875 673 944 addere
688 877 786 959 Juvat
809 873 851 944 dc
870 873 1130 941 Collectiouibus
1145 869 1293 972 Operum

179 965 351 1032 mnttorom
372 969 431 1029 aut
451 962 573 1029 saitem
595 959 719 1048 aliquot
741 957 808 1026 SS.
833 959 984 1050 Petrum,
1005 978 1090 1044 quae
1112 959 1216 1036 varnis
1242 961 1295 1022 ti·

178 1051 258 1116 tulis
287 1046 425 1114 inscribi
452 1044 572 1113 solent·
600 1045 636 1118 ⁴⁵)
697 1043 809 1110 Variis
836 1042 941 1110 modis
973 1042 1062 1110 istae
1095 1041 1200 1109 dividi
1231 1062 1294 1108 so·

179 1131 269 1213 ient,
296 1132 427 1199 scilicet
449 1129 578 1197 ratione
599 1129 758 1194 materiae
780 1135 814 1194 et
836 1133 901 1194 tem
927 1127 1006 1206 oris,
1027 1129 1061 1193 in
1082 1129 1293 1203 concertator,

179 1235 266 1305 qnae
288 1216 458 1283 continent
479 1213 831 1304 monomentaPatrom
853 1148 1105 1299 etgcrtptorom
1127 1211 1295 1278 ecclesia·

179 1303 338 1370 sticornm
372 1299 477 1365 omnis
513 1297 615 1378 aevi,
653 1313 739 1383 qnae
772 1295 814 1362 ad
844 1315 959 1364 omncs
994 1315 1075 1362 sese
1107 1293 1296 1363 extendunt

180 1383 377 1469 disciptinas
405 1381 637 1470 theologicas,
665 1389 700 1448 ei
726 1382 965 1464 particulares,
993 1380 1112 1466 quibus
1141 1397 1207 1446 com
1235 1398 1296 1446 re·

180 1468 368 1536 henduntor
389 1473 600 1534 monumenta
621 1464 664 1532 ad
687 1465 818 1552 aliquas
836 1471 962 1531 tantum
983 1463 1177 1554 disciplinas
1191 1399 1295 1532 tien·

181 1553 314 1640 logicas
352 1552 579 1642 pertinentes,
614 1568 668 1617 ex.
726 1572 751 1615 r.
784 1549 997 1634 dogmaticae
1027 1568 1068 1616 uc
1100 1548 1297 1636 polemicae,

181 1637 371 1714 asceticae,
400 1635 686 1712 concionatoriae,
737 1635 910 1714 istoricuc,
931 1652 993 1702 seu
1016 1653 1102 1720 qnae
1124 1633 1298 1700 continent

180 1719 293 1809 Opera
316 1722 450 1787 Petrum
473 1719 555 1786 certi
576 1719 748 1803 cujusdam
770 1719 857 1796 nerii,
879 1737 932 1786 ex.
954 1739 1007 1807 gr.
1029 1714 1080 1806 Op
1120 1717 1297 1784 al’utrom

184 1805 468 1893 Apostolicorum:
492 1821 587 1892 porro
610 1805 739 1870 ratione
760 1804 915 1890 linguae,
936 1801 969 1868 in
992 1821 1057 1888 qua
1117 1821 1197 1888 pera
1229 1803 1299 1868 ibi·

182 1890 259 1958 dem
281 1889 495 1969 exhibentur,
518 1894 597 1954 sunt
617 1889 910 1974 graecu-latitent,
932 1887 987 1955 vei
1009 1889 1297 1964 tantumtanturn,

182 1994 319 2060 quarum
343 1975 472 2062 priores
493 1973 596 2058 longe
618 1971 732 2056 majori
753 1971 786 2036 in
809 1971 916 2057 pretio
945 1971 1117 2039 habentor.
1169 1968 1298 2052 Quam·

183 2079 281 2143 qnam
304 2076 384 2123 vcro
406 2057 566 2141 ejusmodi
588 2053 832 2133 Collectiones,
854 2056 931 2122 sive
952 2057 1113 2140 majores,
1134 2055 1210 2122 sive
1232 2055 1299 2121 mi-

181 2160 282 2206 nores
304 2139 337 2206 id
362 2145 535 2227 praestant
557 2138 727 2217 utilitatis,
751 2147 786 2208 nt
808 2138 895 2206 haud
919 2159 994 2206 runo
1016 2138 1128 2229 Opera
1149 2141 1181 2206 in
1211 2139 1298 2206 Bib-

182 2223 396 2290 liothecarum
419 2223 556 2307 putrere
578 2220 699 2288 dudum
719 2222 858 2289 latentia
886 2225 919 2290 in
952 2224 1069 2292 iisdem
1105 2242 1180 2290 cum
1212 2225 1298 2290 orire

181 2309 329 2374 literario
352 2308 640 2386 communicentur,
661 2307 833 2374 multorom
856 2309 955 2376 etiarn
977 2315 1012 2376 et
1033 2309 1198 2376 uariorum
1212 2326 1297 2374 utrc-

182 2403 288 2460 torum
311 2387 439 2481 Opera,
462 2411 547 2478 quae
571 2392 658 2458 nlius
686 2392 818 2474 ingenti
845 2390 956 2459 studio
989 2400 1023 2460 et
1049 2392 1165 2460 labore
1192 2391 1299 2458 undc·

182 2495 311 2566 conque
331 2477 526 2566 conquirere
547 2493 689 2544 neccsse
711 2477 816 2557 toret,
838 2479 937 2544 unica
966 2477 1127 2562 ejusmodi
1158 2475 1298 2544 Collec-

75 2571 79 2580 '
181 2564 273 2632 tione
296 2565 557 2650 conjungantur,
580 2561 828 2660 scriptoresque
850 2562 998 2646 ejusdcm
1022 2563 1100 2634 aevi
1121 2568 1179 2627 ant
1200 2563 1299 2627 siroi-

182 2647 230 2714 iis
255 2650 411 2736 genera,
445 2649 498 2733 qui
528 2647 591 2712 sibi
619 2647 760 2713 invocem
794 2647 926 2714 multum
957 2646 1089 2714 luminis
1120 2645 1299 2712 attondere

182 2732 305 2806 solent,
326 2749 391 2795 nno
414 2730 509 2814 qnasi
531 2729 649 2794 intuitu
671 2731 850 2811 sistuntur,
872 2751 914 2797 ex
937 2730 1044 2798 altera
1065 2737 1172 2796 tamen
1196 2738 1298 2815 parte

181 2814 302 2901 negari
324 2831 388 2879 non
411 2816 532 2896 potest,
554 2813 762 2879 incommoda
783 2816 884 2880 ctinm
906 2816 1069 2901 quaedam
1084 2815 1200 2880 iisdem
1217 2813 1297 2878 iere

181 2915 316 2994 semper
336 2895 522 2960 inhaerere.
567 2894 709 2961 Scilicet
732 2899 817 2964 mato
832 2899 972 2986 quodam
986 2918 1180 2988 magnarum
1198 2916 1299 2983 prac-

181 2989 297 3046 sertim
319 2977 504 3062 hujusmodi
528 2977 766 3049 Collectionum
789 2983 858 3048 irato
881 2983 954 3050 neri
974 2985 1082 3060 solet,
1111 2991 1147 3049 nt
1180 2989 1299 3049 scate-

180 3071 239 3136 ant
260 3063 384 3149 passim
407 3081 471 3128 nnc
493 3066 622 3146 paucis,
645 3083 707 3132 nec
728 3067 860 3134 levibns
883 3067 1010 3135 mendis
1031 3087 1203 3153 sanaeque
1217 3067 1298 3134 Cri-

181 3152 268 3215 nitae
290 3147 426 3215 defectu
448 3146 617 3224 laborent,
641 3151 772 3235 paucis,
800 3152 899 3218 otiis
921 3154 1071 3220 omnibus
1100 3152 1297 3239 plerumque

68 3254 74 3263 ·
181 3240 320 3300 careant
342 3231 538 3310 commodis,
567 3233 684 3316 quibus
707 3231 825 3324 (juxta
847 3223 885 3312 S.
909 3231 1091 3323 praeced.)
1127 3236 1298 3303 editiones

185 3317 321 3387 Patrum
346 3319 453 3385 bonan
475 3319 660 3406 insignitae
682 3336 762 3385 csse
789 3319 932 3405 debent3
969 3329 1146 3407 practerea
1172 3321 1216 3387 ad
1243 3321 1299 3386 in·

181 3411 304 3489 gentes
326 3403 404 3470 ilias
430 3404 562 3469 Patron
585 3401 810 3472 Collectiones
833 3406 1028 3472 tractandas
1050 3407 1148 3494 ponci
1177 3405 1298 3472 admo-

181 3490 257 3558 durn
286 3485 469 3568 accedunt,
501 3505 625 3572 magun
653 3483 773 3576 Operis
806 3489 891 3556 mole
920 3489 1088 3568 deterriti,
1116 3489 1225 3570 odeo,
1261 3497 1301 3556 nt

181 3571 269 3640 noun
292 3573 452 3641 immerito
475 3569 581 3655 dicus,
603 3567 716 3659 Opera
736 3572 942 3661 singulorum
965 3571 1033 3642 SS.
1056 3575 1205 3656 Petrum,
1223 3593 1299 3641 ma·

187 3745 395 3762 m

232 3836 263 3902 ¹⁸¹)
282 3841 335 3892 Ex.
353 3854 397 3906 gr.
417 3839 594 3894 Bitttottrecn
613 3841 751 3905 Patroni,
776 3845 954 3897 monumenta
981 3847 1113 3908 Patrono,
1137 3847 1299 3896 Thesaurus

285 3917 523 3963 monumentorum
543 3915 805 3976 ecclestaattcornm,
824 3917 1004 3980 Sptottegtum
1019 3920 1140 3972 notrum.
1159 3919 1300 3967 Analecta

286 3986 403 4044 vanarn,
437 3981 641 4044 nttrcetlnnen,
677 3982 857 4036 Cotteotanea
891 3991 1017 4038 veterum
1048 3993 1298 4050 monumentorum,

285 4053 429 4103 anecdota
446 4054 502 4100 ato.
523 4075 554 4087 -
591 4053 737 4104 ntaxtnanr
765 4057 794 4104 tu
821 4057 863 4105 nts
886 4059 1012 4130 tpnntbtm
1030 4059 1231 4120 percenseatis
1251 4061 1299 4108 tn-

288 4121 421 4173 duatrtarn
442 4123 584 4184 prounvtr,
603 4121 655 4179 nn·
674 4123 744 4190 ΜΨ
763 4127 790 4175 io
811 4127 898 4190 ttnro,
918 4131 965 4178 cut
983 4129 1096 4179 tttotua:
1124 4127 1168 4180 Oc
1186 4126 1301 4178 ntttto-

286 4190 375 4248 caecis
398 4198 426 4244 et
450 4189 564 4241 Catertt't
589 4192 709 4245 Petrum
733 4196 880 4262 uariisque
904 4203 1028 4249 notarunt
1047 4198 1230 4263 scriptorum
1250 4211 1300 4250 ee·

284 4263 412 4318 cretton.
432 4261 663 4316 concertantem.
700 4267 812 4332 Lipsiae
834 4265 910 4319 1707.
932 4270 959 4318 tn
982 4267 1047 4320 Sao.
