<?xml version="1.0" encoding="UTF-8"?>
<!DOCTYPE html PUBLIC "-//W3C//DTD XHTML 1.0 Transitional//EN"
    "http://www.w3.org/TR/xhtml1/DTD/xhtml1-transitional.dtd">
<html xmlns="http://www.w3.org/1999/xhtml" xml:lang="en" lang="en">
 <head>
  <title>
</title>
<meta http-equiv="Content-Type" content="text/html;charset=utf-8" />
  <meta name='ocr-system' content='tesseract 3.04.00' />
  <meta name='ocr-capabilities' content='ocr_page ocr_carea ocr_par ocr_line ocrx_word'/>
</head>
<body>
  <div class='ocr_page' id='page_1' title='image "./institutionespa01fessgoog_0266.png"; bbox 0 0 2880 4660; ppageno 0'>
   <div class='ocr_carea' id='block_1_1' title="bbox 118 517 1230 612">
    <p class='ocr_par' dir='ltr' id='par_1_1' title="bbox 118 517 1230 612">
     <span class='ocr_line' id='line_1_1' title="bbox 118 517 1230 612; baseline 0.008 -28"><span class='ocrx_word' id='word_1_1' title='bbox 118 519 252 587; x_wconf 88' lang='lat' dir='ltr'><strong>iiudum</strong></span> <span class='ocrx_word' id='word_1_2' title='bbox 290 525 394 586; x_wconf 89' lang='lat' dir='ltr'><strong>antea</strong></span> <span class='ocrx_word' id='word_1_3' title='bbox 433 529 635 587; x_wconf 77' lang='lat' dir='ltr'><strong>emerserant</strong></span> <span class='ocrx_word' id='word_1_4' title='bbox 671 521 704 587; x_wconf 88' lang='lat' dir='ltr'><strong>iu</strong></span> <span class='ocrx_word' id='word_1_5' title='bbox 737 517 875 587; x_wconf 80' lang='lat' dir='ltr'><strong>Oriente</strong></span> <span class='ocrx_word' id='word_1_6' title='bbox 909 521 1118 600; x_wconf 81' lang='lat' dir='ltr'><strong>valentiani,</strong></span> <span class='ocrx_word' id='word_1_7' title='bbox 1149 545 1230 612; x_wconf 84' lang='lat' dir='ltr'><strong>quos</strong></span> 
     </span>
    </p>
   </div>
   <div class='ocr_carea' id='block_1_2' title="bbox 108 605 1236 3805">
    <p class='ocr_par' dir='ltr' id='par_1_2' title="bbox 108 605 1236 3805">
     <span class='ocr_line' id='line_1_2' title="bbox 119 605 1233 696; baseline 0.003 -24"><span class='ocrx_word' id='word_1_8' title='bbox 119 606 212 672; x_wconf 81' lang='lat' dir='ltr'><strong>brevi</strong></span> <span class='ocrx_word' id='word_1_9' title='bbox 237 613 316 690; x_wconf 89' lang='lat' dir='ltr'><strong>post</strong></span> <span class='ocrx_word' id='word_1_10' title='bbox 347 611 553 689; x_wconf 84' lang='lat' dir='ltr'><strong>exceperunt</strong></span> <span class='ocrx_word' id='word_1_11' title='bbox 583 605 755 684; x_wconf 86' lang='lat' dir='ltr'><strong>Marcosii,</strong></span> <span class='ocrx_word' id='word_1_12' title='bbox 785 605 930 672; x_wconf 79' lang='lat' dir='ltr'><strong>Simonis</strong></span> <span class='ocrx_word' id='word_1_13' title='bbox 953 609 1046 696; x_wconf 77' lang='lat' dir='ltr'><strong>Magi</strong></span> <span class='ocrx_word' id='word_1_14' title='bbox 1076 609 1233 676; x_wconf 90' lang='lat' dir='ltr'><strong>aliorum-</strong></span> 
     </span>
     <span class='ocr_line' id='line_1_3' title="bbox 118 687 1231 778; baseline 0.002 -22"><span class='ocrx_word' id='word_1_15' title='bbox 118 708 181 778; x_wconf 85' lang='lat' dir='ltr'><strong>que</strong></span> <span class='ocrx_word' id='word_1_16' title='bbox 205 687 441 754; x_wconf 82' lang='lat' dir='ltr'><strong>Gnosticorum</strong></span> <span class='ocrx_word' id='word_1_17' title='bbox 466 690 550 754; x_wconf 90' lang='lat' dir='ltr'><strong>maia</strong></span> <span class='ocrx_word' id='word_1_18' title='bbox 572 691 773 774; x_wconf 81' lang='lat' dir='ltr'><strong>progenies,</strong></span> <span class='ocrx_word' id='word_1_19' title='bbox 809 690 863 776; x_wconf 85' lang='lat' dir='ltr'><strong>qui</strong></span> <span class='ocrx_word' id='word_1_20' title='bbox 892 691 954 756; x_wconf 88' lang='lat' dir='ltr'><strong>sub</strong></span> <span class='ocrx_word' id='word_1_21' title='bbox 979 691 1108 759; x_wconf 90' lang='lat' dir='ltr'><strong>nomine</strong></span> <span class='ocrx_word' id='word_1_22' title='bbox 1131 692 1231 760; x_wconf 83' lang='lat' dir='ltr'><strong>Cirri-</strong></span> 
     </span>
     <span class='ocr_line' id='line_1_4' title="bbox 118 772 1230 868; baseline 0.002 -28"><span class='ocrx_word' id='word_1_23' title='bbox 118 775 230 840; x_wconf 88' lang='lat' dir='ltr'><strong>stiano</strong></span> <span class='ocrx_word' id='word_1_24' title='bbox 252 774 397 838; x_wconf 92' lang='lat' dir='ltr'><strong>animum</strong></span> <span class='ocrx_word' id='word_1_25' title='bbox 419 772 495 868; x_wconf 90' lang='lat' dir='ltr'><strong>plus</strong></span> <span class='ocrx_word' id='word_1_26' title='bbox 519 793 613 858; x_wconf 80' lang='lat' dir='ltr'><strong>quam</strong></span> <span class='ocrx_word' id='word_1_27' title='bbox 630 773 795 839; x_wconf 87' lang='lat' dir='ltr'><strong>ethnicum</strong></span> <span class='ocrx_word' id='word_1_28' title='bbox 808 781 967 856; x_wconf 68' lang='lat' dir='ltr'><strong>gerentes</strong></span> <span class='ocrx_word' id='word_1_29' title='bbox 982 776 1230 842; x_wconf 82' lang='lat' dir='ltr'><strong>incredibilibus</strong></span> 
     </span>
     <span class='ocr_line' id='line_1_5' title="bbox 117 857 1232 946; baseline 0.003 -23"><span class='ocrx_word' id='word_1_30' title='bbox 117 878 268 923; x_wconf 89' lang='lat' dir='ltr'><strong>errorum</strong></span> <span class='ocrx_word' id='word_1_31' title='bbox 292 871 448 921; x_wconf 82' lang='lat' dir='ltr'><strong>monstris</strong></span> <span class='ocrx_word' id='word_1_32' title='bbox 478 857 718 942; x_wconf 73' lang='lat' dir='ltr'><strong>horrendisque</strong></span> <span class='ocrx_word' id='word_1_33' title='bbox 747 858 884 946; x_wconf 84' lang='lat' dir='ltr'><strong>flagitiis</strong></span> <span class='ocrx_word' id='word_1_34' title='bbox 907 857 1118 926; x_wconf 87' lang='lat' dir='ltr'><strong>Christianae</strong></span> <span class='ocrx_word' id='word_1_35' title='bbox 1152 861 1232 926; x_wconf 90' lang='lat' dir='ltr'><strong>reli-</strong></span> 
     </span>
     <span class='ocr_line' id='line_1_6' title="bbox 119 941 1231 1032; baseline -0.001 -27"><span class='ocrx_word' id='word_1_36' title='bbox 119 941 232 1022; x_wconf 78' lang='lat' dir='ltr'><strong>pionis</strong></span> <span class='ocrx_word' id='word_1_37' title='bbox 254 941 429 1006; x_wconf 89' lang='lat' dir='ltr'><strong>sanctitati</strong></span> <span class='ocrx_word' id='word_1_38' title='bbox 458 961 614 1006; x_wconf 90' lang='lat' dir='ltr'><strong>summam</strong></span> <span class='ocrx_word' id='word_1_39' title='bbox 649 942 804 1007; x_wconf 77' lang='lat' dir='ltr'><strong>infamiae</strong></span> <span class='ocrx_word' id='word_1_40' title='bbox 832 941 939 1008; x_wconf 88' lang='lat' dir='ltr'><strong>labem</strong></span> <span class='ocrx_word' id='word_1_41' title='bbox 968 943 1231 1032; x_wconf 83' lang='lat' dir='ltr'><strong>adspergebant.</strong></span> 
     </span>
     <span class='ocr_line' id='line_1_7' title="bbox 118 1023 1231 1118; baseline 0.004 -28"><span class='ocrx_word' id='word_1_42' title='bbox 118 1027 203 1090; x_wconf 87' lang='lat' dir='ltr'><strong>Tum</strong></span> <span class='ocrx_word' id='word_1_43' title='bbox 225 1043 309 1090; x_wconf 85' lang='lat' dir='ltr'><strong>vero</strong></span> <span class='ocrx_word' id='word_1_44' title='bbox 332 1023 367 1090; x_wconf 86' lang='lat' dir='ltr'><strong>S.</strong></span> <span class='ocrx_word' id='word_1_45' title='bbox 396 1025 555 1090; x_wconf 82' lang='lat' dir='ltr'><strong>irenaeus</strong></span> <span class='ocrx_word' id='word_1_46' title='bbox 577 1027 737 1089; x_wconf 80' lang='lat' dir='ltr'><strong>excubias</strong></span> <span class='ocrx_word' id='word_1_47' title='bbox 760 1045 869 1112; x_wconf 84' lang='lat' dir='ltr'><strong>agens</strong></span> <span class='ocrx_word' id='word_1_48' title='bbox 893 1047 951 1112; x_wconf 91' lang='lat' dir='ltr'><strong>pro</strong></span> <span class='ocrx_word' id='word_1_49' title='bbox 964 1025 1088 1092; x_wconf 86' lang='lat' dir='ltr'><strong>Christi</strong></span> <span class='ocrx_word' id='word_1_50' title='bbox 1110 1049 1231 1118; x_wconf 80' lang='lat' dir='ltr'><strong>grege,</strong></span> 
     </span>
     <span class='ocr_line' id='line_1_8' title="bbox 119 1107 1231 1197; baseline 0.003 -21"><span class='ocrx_word' id='word_1_51' title='bbox 119 1111 175 1176; x_wconf 91' lang='lat' dir='ltr'><strong>ubi</strong></span> <span class='ocrx_word' id='word_1_52' title='bbox 197 1109 319 1174; x_wconf 89' lang='lat' dir='ltr'><strong>maium</strong></span> <span class='ocrx_word' id='word_1_53' title='bbox 343 1108 431 1172; x_wconf 90' lang='lat' dir='ltr'><strong>istud</strong></span> <span class='ocrx_word' id='word_1_54' title='bbox 454 1111 553 1174; x_wconf 89' lang='lat' dir='ltr'><strong>etiam</strong></span> <span class='ocrx_word' id='word_1_55' title='bbox 576 1109 608 1172; x_wconf 92' lang='lat' dir='ltr'><strong>in</strong></span> <span class='ocrx_word' id='word_1_56' title='bbox 631 1107 742 1174; x_wconf 85' lang='lat' dir='ltr'><strong>Gallia</strong></span> <span class='ocrx_word' id='word_1_57' title='bbox 764 1129 901 1196; x_wconf 84' lang='lat' dir='ltr'><strong>serpere</strong></span> <span class='ocrx_word' id='word_1_58' title='bbox 924 1112 1112 1197; x_wconf 86' lang='lat' dir='ltr'><strong>multosque</strong></span> <span class='ocrx_word' id='word_1_59' title='bbox 1137 1111 1231 1179; x_wconf 86' lang='lat' dir='ltr'><strong>deci·</strong></span> 
     </span>
     <span class='ocr_line' id='line_1_9' title="bbox 116 1192 1231 1282; baseline 0 -22"><span class='ocrx_word' id='word_1_60' title='bbox 116 1212 200 1280; x_wconf 88' lang='lat' dir='ltr'><strong>pere</strong></span> <span class='ocrx_word' id='word_1_61' title='bbox 222 1192 472 1270; x_wconf 77' lang='lat' dir='ltr'><strong>animaduertit,</strong></span> <span class='ocrx_word' id='word_1_62' title='bbox 483 1195 634 1278; x_wconf 85' lang='lat' dir='ltr'><strong>satisque</strong></span> <span class='ocrx_word' id='word_1_63' title='bbox 645 1200 747 1257; x_wconf 90' lang='lat' dir='ltr'><strong>totam</strong></span> <span class='ocrx_word' id='word_1_64' title='bbox 760 1196 831 1277; x_wconf 86' lang='lat' dir='ltr'><strong>ejus</strong></span> <span class='ocrx_word' id='word_1_65' title='bbox 843 1195 1047 1282; x_wconf 77' lang='lat' dir='ltr'><strong>gravitatem</strong></span> <span class='ocrx_word' id='word_1_66' title='bbox 1060 1215 1103 1260; x_wconf 82' lang='lat' dir='ltr'><strong>ex</strong></span> <span class='ocrx_word' id='word_1_67' title='bbox 1115 1196 1231 1262; x_wconf 87' lang='lat' dir='ltr'><strong>baere-</strong></span> 
     </span>
     <span class='ocr_line' id='line_1_10' title="bbox 114 1277 1227 1364; baseline 0.003 -22"><span class='ocrx_word' id='word_1_68' title='bbox 114 1281 255 1345; x_wconf 87' lang='lat' dir='ltr'><strong>ticorum</strong></span> <span class='ocrx_word' id='word_1_69' title='bbox 280 1289 344 1342; x_wconf 92' lang='lat' dir='ltr'><strong>tum</strong></span> <span class='ocrx_word' id='word_1_70' title='bbox 363 1277 468 1350; x_wconf 87' lang='lat' dir='ltr'><strong>libris,</strong></span> <span class='ocrx_word' id='word_1_71' title='bbox 495 1285 561 1342; x_wconf 84' lang='lat' dir='ltr'><strong>tunt</strong></span> <span class='ocrx_word' id='word_1_72' title='bbox 579 1279 786 1342; x_wconf 64' lang='lat' dir='ltr'><strong>sermonibus</strong></span> <span class='ocrx_word' id='word_1_73' title='bbox 810 1279 1015 1364; x_wconf 80' lang='lat' dir='ltr'><strong>exploratam</strong></span> <span class='ocrx_word' id='word_1_74' title='bbox 1037 1279 1160 1355; x_wconf 89' lang='lat' dir='ltr'><strong>habuit,</strong></span> <span class='ocrx_word' id='word_1_75' title='bbox 1185 1281 1227 1346; x_wconf 90' lang='lat' dir='ltr'><strong>ad</strong></span> 
     </span>
     <span class='ocr_line' id='line_1_11' title="bbox 115 1361 1228 1452; baseline 0 -24"><span class='ocrx_word' id='word_1_76' title='bbox 115 1361 333 1428; x_wconf 88' lang='lat' dir='ltr'><strong>scribendum</strong></span> <span class='ocrx_word' id='word_1_77' title='bbox 354 1380 395 1452; x_wconf 81' lang='lat' dir='ltr'><strong>se</strong></span> <span class='ocrx_word' id='word_1_78' title='bbox 417 1363 565 1440; x_wconf 84' lang='lat' dir='ltr'><strong>contulit,</strong></span> <span class='ocrx_word' id='word_1_79' title='bbox 590 1369 624 1426; x_wconf 88' lang='lat' dir='ltr'><strong>nt</strong></span> <span class='ocrx_word' id='word_1_80' title='bbox 645 1363 828 1428; x_wconf 84' lang='lat' dir='ltr'><strong>scrirraiaa</strong></span> <span class='ocrx_word' id='word_1_81' title='bbox 852 1383 962 1428; x_wconf 87' lang='lat' dir='ltr'><strong>eorum</strong></span> <span class='ocrx_word' id='word_1_82' title='bbox 986 1367 1109 1450; x_wconf 81' lang='lat' dir='ltr'><strong>nugas,</strong></span> <span class='ocrx_word' id='word_1_83' title='bbox 1131 1362 1228 1428; x_wconf 88' lang='lat' dir='ltr'><strong>dolos</strong></span> 
     </span>
     <span class='ocr_line' id='line_1_12' title="bbox 114 1445 1228 1530; baseline 0 -18"><span class='ocrx_word' id='word_1_84' title='bbox 114 1455 150 1512; x_wconf 86' lang='lat' dir='ltr'><strong>et</strong></span> <span class='ocrx_word' id='word_1_85' title='bbox 172 1465 286 1512; x_wconf 87' lang='lat' dir='ltr'><strong>mores</strong></span> <span class='ocrx_word' id='word_1_86' title='bbox 314 1445 347 1510; x_wconf 90' lang='lat' dir='ltr'><strong>iu</strong></span> <span class='ocrx_word' id='word_1_87' title='bbox 376 1447 547 1530; x_wconf 76' lang='lat' dir='ltr'><strong>propatruo</strong></span> <span class='ocrx_word' id='word_1_88' title='bbox 583 1453 719 1529; x_wconf 78' lang='lat' dir='ltr'><strong>proneret</strong></span> <span class='ocrx_word' id='word_1_89' title='bbox 748 1453 782 1510; x_wconf 90' lang='lat' dir='ltr'><strong>et</strong></span> <span class='ocrx_word' id='word_1_90' title='bbox 812 1447 960 1512; x_wconf 80' lang='lat' dir='ltr'><strong>funditus</strong></span> <span class='ocrx_word' id='word_1_91' title='bbox 989 1455 1167 1514; x_wconf 81' lang='lat' dir='ltr'><strong>everteret.</strong></span> <span class='ocrx_word' id='word_1_92' title='bbox 1190 1451 1228 1522; x_wconf 70' lang='lat'><strong>⁹)</strong></span> 
     </span>
     <span class='ocr_line' id='line_1_13' title="bbox 118 1529 1228 1615; baseline 0.001 -18"><span class='ocrx_word' id='word_1_93' title='bbox 118 1531 207 1597; x_wconf 77' lang='lat' dir='ltr'><strong>Cum</strong></span> <span class='ocrx_word' id='word_1_94' title='bbox 228 1549 326 1615; x_wconf 84' lang='lat' dir='ltr'><strong>porro</strong></span> <span class='ocrx_word' id='word_1_95' title='bbox 348 1530 577 1595; x_wconf 83' lang='lat' dir='ltr'><strong>controversia</strong></span> <span class='ocrx_word' id='word_1_96' title='bbox 601 1529 642 1596; x_wconf 91' lang='lat' dir='ltr'><strong>de</strong></span> <span class='ocrx_word' id='word_1_97' title='bbox 665 1538 811 1615; x_wconf 86' lang='lat' dir='ltr'><strong>tempore</strong></span> <span class='ocrx_word' id='word_1_98' title='bbox 834 1532 1024 1597; x_wconf 88' lang='lat' dir='ltr'><strong>celebrandi</strong></span> <span class='ocrx_word' id='word_1_99' title='bbox 1037 1531 1228 1608; x_wconf 83' lang='lat' dir='ltr'><strong>Paschatis,</strong></span> 
     </span>
     <span class='ocr_line' id='line_1_14' title="bbox 115 1615 1226 1700; baseline 0.005 -22"><span class='ocrx_word' id='word_1_100' title='bbox 115 1615 215 1700; x_wconf 87' lang='lat' dir='ltr'><strong>prius</strong></span> <span class='ocrx_word' id='word_1_101' title='bbox 232 1618 297 1696; x_wconf 87' lang='lat' dir='ltr'><strong>jam</strong></span> <span class='ocrx_word' id='word_1_102' title='bbox 320 1615 463 1700; x_wconf 85' lang='lat' dir='ltr'><strong>agitata,</strong></span> <span class='ocrx_word' id='word_1_103' title='bbox 486 1632 549 1678; x_wconf 87' lang='lat' dir='ltr'><strong>nec</strong></span> <span class='ocrx_word' id='word_1_104' title='bbox 571 1620 679 1679; x_wconf 88' lang='lat' dir='ltr'><strong>tamen</strong></span> <span class='ocrx_word' id='word_1_105' title='bbox 705 1615 831 1690; x_wconf 85' lang='lat' dir='ltr'><strong>decisa,</strong></span> <span class='ocrx_word' id='word_1_106' title='bbox 854 1617 917 1680; x_wconf 90' lang='lat' dir='ltr'><strong>snb</strong></span> <span class='ocrx_word' id='word_1_107' title='bbox 931 1617 1065 1682; x_wconf 88' lang='lat' dir='ltr'><strong>Victore</strong></span> <span class='ocrx_word' id='word_1_108' title='bbox 1081 1618 1128 1681; x_wconf 87' lang='lat' dir='ltr'><strong>Pa</strong></span> <span class='ocrx_word' id='word_1_109' title='bbox 1153 1636 1173 1683; x_wconf 90' lang='lat' dir='ltr'><strong>a</strong></span> <span class='ocrx_word' id='word_1_110' title='bbox 1195 1637 1226 1684; x_wconf 89' lang='lat' dir='ltr'><strong>a.</strong></span> 
     </span>
     <span class='ocr_line' id='line_1_15' title="bbox 115 1639 1228 1786; baseline -0.001 -22"><span class='ocrx_word' id='word_1_111' title='bbox 115 1701 191 1764; x_wconf 78' lang='lat'><strong>196.</strong></span> <span class='ocrx_word' id='word_1_112' title='bbox 215 1698 331 1764; x_wconf 86' lang='lat' dir='ltr'><strong>iterum</strong></span> <span class='ocrx_word' id='word_1_113' title='bbox 355 1709 444 1763; x_wconf 87' lang='lat' dir='ltr'><strong>mota</strong></span> <span class='ocrx_word' id='word_1_114' title='bbox 472 1703 565 1764; x_wconf 82' lang='lat' dir='ltr'><strong>esset</strong></span> <span class='ocrx_word' id='word_1_115' title='bbox 595 1709 630 1762; x_wconf 89' lang='lat' dir='ltr'><strong>et</strong></span> <span class='ocrx_word' id='word_1_116' title='bbox 653 1699 848 1782; x_wconf 75' lang='lat' dir='ltr'><strong>Polycrates</strong></span> <span class='ocrx_word' id='word_1_117' title='bbox 871 1701 1057 1786; x_wconf 82' lang='lat' dir='ltr'><strong>Episcopus</strong></span> <span class='ocrx_word' id='word_1_118' title='bbox 1080 1639 1228 1786; x_wconf 37' lang='lat' dir='ltr'><strong>Epinesi-</strong></span> 
     </span>
     <span class='ocr_line' id='line_1_16' title="bbox 114 1783 1226 1868; baseline 0 -20"><span class='ocrx_word' id='word_1_119' title='bbox 114 1803 181 1848; x_wconf 87' lang='lat' dir='ltr'><strong>nus</strong></span> <span class='ocrx_word' id='word_1_120' title='bbox 205 1800 280 1848; x_wconf 89' lang='lat' dir='ltr'><strong>cum</strong></span> <span class='ocrx_word' id='word_1_121' title='bbox 303 1783 472 1867; x_wconf 85' lang='lat' dir='ltr'><strong>episcopis</strong></span> <span class='ocrx_word' id='word_1_122' title='bbox 497 1783 611 1852; x_wconf 80' lang='lat' dir='ltr'><strong>Asiae,</strong></span> <span class='ocrx_word' id='word_1_123' title='bbox 635 1783 810 1848; x_wconf 78' lang='lat' dir='ltr'><strong>Ecclesiae</strong></span> <span class='ocrx_word' id='word_1_124' title='bbox 829 1784 1000 1848; x_wconf 81' lang='lat' dir='ltr'><strong>Romanae</strong></span> <span class='ocrx_word' id='word_1_125' title='bbox 1023 1785 1226 1868; x_wconf 81' lang='lat' dir='ltr'><strong>aliarumque</strong></span> 
     </span>
     <span class='ocr_line' id='line_1_17' title="bbox 114 1867 1227 1952; baseline 0.002 -22"><span class='ocrx_word' id='word_1_126' title='bbox 114 1867 259 1932; x_wconf 91' lang='lat' dir='ltr'><strong>omuium</strong></span> <span class='ocrx_word' id='word_1_127' title='bbox 282 1886 422 1938; x_wconf 88' lang='lat' dir='ltr'><strong>murem,</strong></span> <span class='ocrx_word' id='word_1_128' title='bbox 453 1887 514 1932; x_wconf 92' lang='lat' dir='ltr'><strong>suo</strong></span> <span class='ocrx_word' id='word_1_129' title='bbox 537 1867 725 1952; x_wconf 87' lang='lat' dir='ltr'><strong>posthabito</strong></span> <span class='ocrx_word' id='word_1_130' title='bbox 753 1871 847 1952; x_wconf 82' lang='lat' dir='ltr'><strong>sequi</strong></span> <span class='ocrx_word' id='word_1_131' title='bbox 876 1867 1100 1946; x_wconf 87' lang='lat' dir='ltr'><strong>detrectaret,</strong></span> <span class='ocrx_word' id='word_1_132' title='bbox 1134 1869 1227 1952; x_wconf 84' lang='lat' dir='ltr'><strong>Papa</strong></span> 
     </span>
     <span class='ocr_line' id='line_1_18' title="bbox 113 1949 1227 2025; baseline 0.002 -9"><span class='ocrx_word' id='word_1_133' title='bbox 113 1951 234 2016; x_wconf 77' lang='lat' dir='ltr'><strong>Victor</strong></span> <span class='ocrx_word' id='word_1_134' title='bbox 254 1969 370 2018; x_wconf 89' lang='lat' dir='ltr'><strong>omues</strong></span> <span class='ocrx_word' id='word_1_135' title='bbox 389 1951 492 2018; x_wconf 79' lang='lat' dir='ltr'><strong>Asiae</strong></span> <span class='ocrx_word' id='word_1_136' title='bbox 514 1951 689 2025; x_wconf 83' lang='lat' dir='ltr'><strong>ecclesius,</strong></span> <span class='ocrx_word' id='word_1_137' title='bbox 713 1949 804 2016; x_wconf 89' lang='lat' dir='ltr'><strong>reiut</strong></span> <span class='ocrx_word' id='word_1_138' title='bbox 826 1949 1036 2018; x_wconf 70' lang='lat' dir='ltr'><strong>sturiones</strong></span> <span class='ocrx_word' id='word_1_139' title='bbox 1057 1952 1227 2018; x_wconf 88' lang='lat' dir='ltr'><strong>sententia</strong></span> 
     </span>
     <span class='ocr_line' id='line_1_19' title="bbox 114 2034 1227 2114; baseline 0.004 -16"><span class='ocrx_word' id='word_1_140' title='bbox 114 2034 370 2114; x_wconf 72' lang='lat' dir='ltr'><strong>dissentientes,</strong></span> <span class='ocrx_word' id='word_1_141' title='bbox 393 2057 415 2101; x_wconf 88' lang='lat' dir='ltr'><strong>a</strong></span> <span class='ocrx_word' id='word_1_142' title='bbox 438 2037 596 2102; x_wconf 88' lang='lat' dir='ltr'><strong>communi</strong></span> <span class='ocrx_word' id='word_1_143' title='bbox 612 2036 789 2102; x_wconf 81' lang='lat' dir='ltr'><strong>Ecclesiae</strong></span> <span class='ocrx_word' id='word_1_144' title='bbox 810 2035 937 2102; x_wconf 86' lang='lat' dir='ltr'><strong>unitate</strong></span> <span class='ocrx_word' id='word_1_145' title='bbox 961 2034 1110 2101; x_wconf 87' lang='lat' dir='ltr'><strong>rescidit.</strong></span> <span class='ocrx_word' id='word_1_146' title='bbox 1133 2035 1227 2102; x_wconf 80' lang='lat' dir='ltr'><strong>Tiroc</strong></span> 
     </span>
     <span class='ocr_line' id='line_1_20' title="bbox 112 2117 1226 2207; baseline -0.002 -21"><span class='ocrx_word' id='word_1_147' title='bbox 112 2119 152 2186; x_wconf 86' lang='lat' dir='ltr'><strong>S.</strong></span> <span class='ocrx_word' id='word_1_148' title='bbox 175 2120 352 2198; x_wconf 80' lang='lat' dir='ltr'><strong>irenaeus,</strong></span> <span class='ocrx_word' id='word_1_149' title='bbox 375 2121 430 2204; x_wconf 82' lang='lat' dir='ltr'><strong>qrri</strong></span> <span class='ocrx_word' id='word_1_150' title='bbox 460 2140 530 2186; x_wconf 87' lang='lat' dir='ltr'><strong>eum</strong></span> <span class='ocrx_word' id='word_1_151' title='bbox 559 2120 633 2184; x_wconf 89' lang='lat' dir='ltr'><strong>aliis</strong></span> <span class='ocrx_word' id='word_1_152' title='bbox 656 2119 804 2203; x_wconf 89' lang='lat' dir='ltr'><strong>pluribus</strong></span> <span class='ocrx_word' id='word_1_153' title='bbox 834 2117 1028 2186; x_wconf 81' lang='lat' dir='ltr'><strong>(inridentis</strong></span> <span class='ocrx_word' id='word_1_154' title='bbox 1056 2121 1226 2207; x_wconf 88' lang='lat' dir='ltr'><strong>episcopis</strong></span> 
     </span>
     <span class='ocr_line' id='line_1_21' title="bbox 111 2205 1224 2284; baseline 0 -16"><span class='ocrx_word' id='word_1_155' title='bbox 111 2211 211 2269; x_wconf 89' lang='lat' dir='ltr'><strong>tauta</strong></span> <span class='ocrx_word' id='word_1_156' title='bbox 239 2205 427 2270; x_wconf 87' lang='lat' dir='ltr'><strong>severitate</strong></span> <span class='ocrx_word' id='word_1_157' title='bbox 463 2205 593 2268; x_wconf 89' lang='lat' dir='ltr'><strong>minime</strong></span> <span class='ocrx_word' id='word_1_158' title='bbox 625 2205 780 2270; x_wconf 90' lang='lat' dir='ltr'><strong>utendum</strong></span> <span class='ocrx_word' id='word_1_159' title='bbox 810 2224 888 2270; x_wconf 90' lang='lat' dir='ltr'><strong>esse</strong></span> <span class='ocrx_word' id='word_1_160' title='bbox 911 2205 1082 2284; x_wconf 90' lang='lat' dir='ltr'><strong>censebat,</strong></span> <span class='ocrx_word' id='word_1_161' title='bbox 1112 2205 1155 2271; x_wconf 93' lang='lat' dir='ltr'><strong>ad</strong></span> <span class='ocrx_word' id='word_1_162' title='bbox 1188 2207 1224 2270; x_wconf 86' lang='grc' dir='ltr'><strong>Ρ.</strong></span> 
     </span>
     <span class='ocr_line' id='line_1_22' title="bbox 114 2285 1226 2376; baseline 0.003 -23"><span class='ocrx_word' id='word_1_163' title='bbox 114 2287 283 2354; x_wconf 79' lang='lat' dir='ltr'><strong>Victorem</strong></span> <span class='ocrx_word' id='word_1_164' title='bbox 312 2287 531 2354; x_wconf 87' lang='lat' dir='ltr'><strong>ecclesiarum</strong></span> <span class='ocrx_word' id='word_1_165' title='bbox 556 2285 706 2370; x_wconf 87' lang='lat' dir='ltr'><strong>Galliae,</strong></span> <span class='ocrx_word' id='word_1_166' title='bbox 742 2288 860 2373; x_wconf 79' lang='lat' dir='ltr'><strong>quibus</strong></span> <span class='ocrx_word' id='word_1_167' title='bbox 891 2295 1065 2376; x_wconf 83' lang='lat' dir='ltr'><strong>praeerat,</strong></span> <span class='ocrx_word' id='word_1_168' title='bbox 1094 2291 1226 2360; x_wconf 82' lang='lat' dir='ltr'><strong>nomine</strong></span> 
     </span>
     <span class='ocr_line' id='line_1_23' title="bbox 111 2371 1226 2458; baseline -0.002 -20"><span class='ocrx_word' id='word_1_169' title='bbox 111 2371 212 2438; x_wconf 89' lang='lat' dir='ltr'><strong>dedit</strong></span> <span class='ocrx_word' id='word_1_170' title='bbox 233 2372 362 2451; x_wconf 86' lang='lat' dir='ltr'><strong>literas,</strong></span> <span class='ocrx_word' id='word_1_171' title='bbox 385 2373 479 2458; x_wconf 88' lang='lat' dir='ltr'><strong>pacis</strong></span> <span class='ocrx_word' id='word_1_172' title='bbox 502 2378 537 2438; x_wconf 90' lang='lat' dir='ltr'><strong>et</strong></span> <span class='ocrx_word' id='word_1_173' title='bbox 559 2374 709 2440; x_wconf 85' lang='lat' dir='ltr'><strong>caritatis</strong></span> <span class='ocrx_word' id='word_1_174' title='bbox 731 2371 876 2440; x_wconf 84' lang='lat' dir='ltr'><strong>studium</strong></span> <span class='ocrx_word' id='word_1_175' title='bbox 899 2375 1084 2458; x_wconf 88' lang='lat' dir='ltr'><strong>spirantes,</strong></span> <span class='ocrx_word' id='word_1_176' title='bbox 1101 2375 1226 2458; x_wconf 51' lang='lat' dir='ltr'><strong>¹quibus</strong></span> 
     </span>
     <span class='ocr_line' id='line_1_24' title="bbox 112 2455 1226 2540; baseline -0.002 -18"><span class='ocrx_word' id='word_1_177' title='bbox 112 2456 279 2522; x_wconf 86' lang='lat' dir='ltr'><strong>decenter</strong></span> <span class='ocrx_word' id='word_1_178' title='bbox 301 2474 373 2522; x_wconf 86' lang='lat' dir='ltr'><strong>eum</strong></span> <span class='ocrx_word' id='word_1_179' title='bbox 407 2457 592 2533; x_wconf 82' lang='lat' dir='ltr'><strong>admonuit,</strong></span> <span class='ocrx_word' id='word_1_180' title='bbox 630 2463 666 2522; x_wconf 94' lang='lat' dir='ltr'><strong>ut</strong></span> <span class='ocrx_word' id='word_1_181' title='bbox 694 2455 804 2522; x_wconf 90' lang='lat' dir='ltr'><strong>mitius</strong></span> <span class='ocrx_word' id='word_1_182' title='bbox 831 2475 904 2522; x_wconf 87' lang='lat' dir='ltr'><strong>cum</strong></span> <span class='ocrx_word' id='word_1_183' title='bbox 932 2457 974 2521; x_wconf 90' lang='lat' dir='ltr'><strong>iis</strong></span> <span class='ocrx_word' id='word_1_184' title='bbox 1005 2476 1025 2522; x_wconf 89' lang='lat' dir='ltr'><strong>a</strong></span> <span class='ocrx_word' id='word_1_185' title='bbox 1055 2464 1140 2528; x_wconf 80' lang='lat' dir='ltr'><strong>eret,</strong></span> <span class='ocrx_word' id='word_1_186' title='bbox 1171 2457 1226 2540; x_wconf 83' lang='lat' dir='ltr'><strong>qui</strong></span> 
     </span>
     <span class='ocr_line' id='line_1_25' title="bbox 112 2539 1227 2638; baseline -0.001 -34"><span class='ocrx_word' id='word_1_187' title='bbox 112 2545 259 2604; x_wconf 76' lang='lat' dir='ltr'><strong>uetusta</strong></span> <span class='ocrx_word' id='word_1_188' title='bbox 280 2540 452 2608; x_wconf 89' lang='lat' dir='ltr'><strong>traditione</strong></span> <span class='ocrx_word' id='word_1_189' title='bbox 475 2542 543 2606; x_wconf 84' lang='lat' dir='ltr'><strong>nixi</strong></span> <span class='ocrx_word' id='word_1_190' title='bbox 565 2542 596 2604; x_wconf 91' lang='lat' dir='ltr'><strong>in</strong></span> <span class='ocrx_word' id='word_1_191' title='bbox 620 2539 679 2615; x_wconf 92' lang='lat' dir='ltr'><strong>iis,</strong></span> <span class='ocrx_word' id='word_1_192' title='bbox 712 2557 797 2636; x_wconf 80' lang='lat' dir='ltr'><strong>quae</strong></span> <span class='ocrx_word' id='word_1_193' title='bbox 818 2539 862 2604; x_wconf 88' lang='lat' dir='ltr'><strong>ad</strong></span> <span class='ocrx_word' id='word_1_194' title='bbox 880 2539 987 2604; x_wconf 88' lang='lat' dir='ltr'><strong>solnm</strong></span> <span class='ocrx_word' id='word_1_195' title='bbox 1041 2539 1227 2638; x_wconf 75' lang='lat' dir='ltr'><strong>iscipiinam</strong></span> 
     </span>
     <span class='ocr_line' id='line_1_26' title="bbox 112 2621 1225 2794; baseline -0.004 -20"><span class='ocrx_word' id='word_1_196' title='bbox 112 2623 783 2794; x_wconf 54' lang='lat' dir='ltr'><strong>{tartaron,ariaratiae</strong></span> <span class='ocrx_word' id='word_1_197' title='bbox 804 2621 1225 2794; x_wconf 67' lang='lat' dir='ltr'><strong>artrrnuntrtrt</strong></span> 
     </span>
     <span class='ocr_line' id='line_1_27' title="bbox 111 2791 1225 2876; baseline -0.001 -18"><span class='ocrx_word' id='word_1_198' title='bbox 111 2793 309 2858; x_wconf 86' lang='lat' dir='ltr'><strong>Verisimile</strong></span> <span class='ocrx_word' id='word_1_199' title='bbox 330 2801 400 2874; x_wconf 89' lang='lat' dir='ltr'><strong>est,</strong></span> <span class='ocrx_word' id='word_1_200' title='bbox 434 2793 604 2860; x_wconf 82' lang='lat' dir='ltr'><strong>Victorem</strong></span> <span class='ocrx_word' id='word_1_201' title='bbox 626 2792 678 2858; x_wconf 90' lang='lat' dir='ltr'><strong>bis</strong></span> <span class='ocrx_word' id='word_1_202' title='bbox 701 2791 887 2858; x_wconf 88' lang='lat' dir='ltr'><strong>rationibus</strong></span> <span class='ocrx_word' id='word_1_203' title='bbox 909 2798 1031 2858; x_wconf 90' lang='lat' dir='ltr'><strong>motum</strong></span> <span class='ocrx_word' id='word_1_204' title='bbox 1054 2791 1225 2876; x_wconf 75' lang='lat' dir='ltr'><strong>cessisse3</strong></span> 
     </span>
     <span class='ocr_line' id='line_1_28' title="bbox 111 2874 1225 2956; baseline -0.001 -14"><span class='ocrx_word' id='word_1_205' title='bbox 111 2897 192 2942; x_wconf 88' lang='lat' dir='ltr'><strong>nam</strong></span> <span class='ocrx_word' id='word_1_206' title='bbox 218 2878 296 2942; x_wconf 89' lang='lat' dir='ltr'><strong>iicet</strong></span> <span class='ocrx_word' id='word_1_207' title='bbox 318 2878 433 2944; x_wconf 82' lang='lat' dir='ltr'><strong>Asiani</strong></span> <span class='ocrx_word' id='word_1_208' title='bbox 456 2879 582 2943; x_wconf 92' lang='lat' dir='ltr'><strong>abusu</strong></span> <span class='ocrx_word' id='word_1_209' title='bbox 605 2897 665 2942; x_wconf 92' lang='lat' dir='ltr'><strong>suo</strong></span> <span class='ocrx_word' id='word_1_210' title='bbox 687 2895 752 2942; x_wconf 87' lang='lat' dir='ltr'><strong>uon</strong></span> <span class='ocrx_word' id='word_1_211' title='bbox 775 2875 1016 2956; x_wconf 86' lang='lat' dir='ltr'><strong>discesserunt,</strong></span> <span class='ocrx_word' id='word_1_212' title='bbox 1037 2894 1102 2942; x_wconf 90' lang='lat' dir='ltr'><strong>non</strong></span> <span class='ocrx_word' id='word_1_213' title='bbox 1127 2874 1225 2941; x_wconf 86' lang='lat' dir='ltr'><strong>ride-</strong></span> 
     </span>
     <span class='ocr_line' id='line_1_29' title="bbox 111 2960 1224 3049; baseline -0.005 -21"><span class='ocrx_word' id='word_1_214' title='bbox 111 2969 168 3028; x_wconf 88' lang='lat' dir='ltr'><strong>tur</strong></span> <span class='ocrx_word' id='word_1_215' title='bbox 191 2967 300 3026; x_wconf 89' lang='lat' dir='ltr'><strong>tamen</strong></span> <span class='ocrx_word' id='word_1_216' title='bbox 325 2969 501 3049; x_wconf 90' lang='lat' dir='ltr'><strong>propterea</strong></span> <span class='ocrx_word' id='word_1_217' title='bbox 524 2981 589 3045; x_wconf 85' lang='lat' dir='ltr'><strong>pax</strong></span> <span class='ocrx_word' id='word_1_218' title='bbox 613 2962 700 3028; x_wconf 91' lang='lat' dir='ltr'><strong>iuter</strong></span> <span class='ocrx_word' id='word_1_219' title='bbox 722 2980 781 3026; x_wconf 90' lang='lat' dir='ltr'><strong>eos</strong></span> <span class='ocrx_word' id='word_1_220' title='bbox 802 2966 837 3024; x_wconf 90' lang='lat' dir='ltr'><strong>et</strong></span> <span class='ocrx_word' id='word_1_221' title='bbox 861 2960 1028 3026; x_wconf 85' lang='lat' dir='ltr'><strong>Romanos</strong></span> <span class='ocrx_word' id='word_1_222' title='bbox 1044 2960 1224 3026; x_wconf 82' lang='lat' dir='ltr'><strong>Pontifices</strong></span> 
     </span>
     <span class='ocr_line' id='line_1_30' title="bbox 110 3044 1225 3132; baseline -0.001 -24"><span class='ocrx_word' id='word_1_223' title='bbox 110 3044 222 3108; x_wconf 77' lang='lat' dir='ltr'><strong>fuisse</strong></span> <span class='ocrx_word' id='word_1_224' title='bbox 244 3045 403 3124; x_wconf 79' lang='lat' dir='ltr'><strong>(iiremiar¹</strong></span> <span class='ocrx_word' id='word_1_225' title='bbox 438 3055 539 3132; x_wconf 85' lang='lat' dir='ltr'><strong>atque</strong></span> <span class='ocrx_word' id='word_1_226' title='bbox 560 3047 611 3111; x_wconf 88' lang='lat' dir='ltr'><strong>sic</strong></span> <span class='ocrx_word' id='word_1_227' title='bbox 633 3044 671 3112; x_wconf 81' lang='lat' dir='ltr'><strong>S.</strong></span> <span class='ocrx_word' id='word_1_228' title='bbox 696 3046 835 3110; x_wconf 86' lang='lat' dir='ltr'><strong>irenaeo</strong></span> <span class='ocrx_word' id='word_1_229' title='bbox 865 3046 897 3109; x_wconf 91' lang='lat' dir='ltr'><strong>iu</strong></span> <span class='ocrx_word' id='word_1_230' title='bbox 930 3046 1080 3129; x_wconf 88' lang='lat' dir='ltr'><strong>acceptis</strong></span> <span class='ocrx_word' id='word_1_231' title='bbox 1108 3045 1225 3109; x_wconf 82' lang='lat' dir='ltr'><strong>reterri</strong></span> 
     </span>
     <span class='ocr_line' id='line_1_31' title="bbox 110 3127 1236 3218; baseline 0 -27"><span class='ocrx_word' id='word_1_232' title='bbox 110 3127 235 3206; x_wconf 88' lang='lat' dir='ltr'><strong>debet,</strong></span> <span class='ocrx_word' id='word_1_233' title='bbox 267 3130 353 3214; x_wconf 86' lang='lat' dir='ltr'><strong>quod</strong></span> <span class='ocrx_word' id='word_1_234' title='bbox 388 3130 462 3215; x_wconf 86' lang='lat' dir='ltr'><strong>ipse</strong></span> <span class='ocrx_word' id='word_1_235' title='bbox 484 3129 659 3216; x_wconf 89' lang='lat' dir='ltr'><strong>prudentia</strong></span> <span class='ocrx_word' id='word_1_236' title='bbox 681 3139 716 3194; x_wconf 91' lang='lat' dir='ltr'><strong>et</strong></span> <span class='ocrx_word' id='word_1_237' title='bbox 737 3129 877 3194; x_wconf 83' lang='lat' dir='ltr'><strong>raritate</strong></span> <span class='ocrx_word' id='word_1_238' title='bbox 901 3128 1094 3194; x_wconf 83' lang='lat' dir='ltr'><strong>schismatis</strong></span> <span class='ocrx_word' id='word_1_239' title='bbox 1115 3127 1236 3218; x_wconf 78' lang='lat' dir='ltr'><strong>immi·¹</strong></span> 
     </span>
     <span class='ocr_line' id='line_1_32' title="bbox 112 3211 1222 3296; baseline -0.002 -20"><span class='ocrx_word' id='word_1_240' title='bbox 112 3213 229 3276; x_wconf 86' lang='lat' dir='ltr'><strong>nentis</strong></span> <span class='ocrx_word' id='word_1_241' title='bbox 251 3212 431 3296; x_wconf 88' lang='lat' dir='ltr'><strong>periculum</strong></span> <span class='ocrx_word' id='word_1_242' title='bbox 452 3215 599 3295; x_wconf 80' lang='lat' dir='ltr'><strong>utrisque</strong></span> <span class='ocrx_word' id='word_1_243' title='bbox 623 3216 786 3281; x_wconf 78' lang='lat' dir='ltr'><strong>funestum</strong></span> <span class='ocrx_word' id='word_1_244' title='bbox 810 3213 980 3276; x_wconf 79' lang='lat' dir='ltr'><strong>averterit.</strong></span> <span class='ocrx_word' id='word_1_245' title='bbox 1025 3212 1097 3278; x_wconf 82' lang='lat' dir='ltr'><strong>Nee</strong></span> <span class='ocrx_word' id='word_1_246' title='bbox 1115 3211 1222 3275; x_wconf 89' lang='lat' dir='ltr'><strong>minus</strong></span> 
     </span>
     <span class='ocr_line' id='line_1_33' title="bbox 111 3292 1221 3382; baseline -0.002 -25"><span class='ocrx_word' id='word_1_247' title='bbox 111 3295 182 3378; x_wconf 85' lang='lat' dir='ltr'><strong>ipsi</strong></span> <span class='ocrx_word' id='word_1_248' title='bbox 205 3313 302 3362; x_wconf 83' lang='lat' dir='ltr'><strong>curae</strong></span> <span class='ocrx_word' id='word_1_249' title='bbox 324 3296 398 3375; x_wconf 77' lang='lat' dir='ltr'><strong>tuit</strong></span> <span class='ocrx_word' id='word_1_250' title='bbox 418 3306 455 3365; x_wconf 91' lang='lat' dir='ltr'><strong>ut</strong></span> <span class='ocrx_word' id='word_1_251' title='bbox 476 3297 657 3382; x_wconf 86' lang='lat' dir='ltr'><strong>discipulos</strong></span> <span class='ocrx_word' id='word_1_252' title='bbox 669 3295 882 3364; x_wconf 85' lang='lat' dir='ltr'><strong>Christianae</strong></span> <span class='ocrx_word' id='word_1_253' title='bbox 903 3297 996 3359; x_wconf 88' lang='lat' dir='ltr'><strong>vitae</strong></span> <span class='ocrx_word' id='word_1_254' title='bbox 1018 3300 1118 3378; x_wconf 86' lang='lat' dir='ltr'><strong>atque</strong></span> <span class='ocrx_word' id='word_1_255' title='bbox 1140 3292 1221 3358; x_wconf 87' lang='lat' dir='ltr'><strong>doe·</strong></span> 
     </span>
     <span class='ocr_line' id='line_1_34' title="bbox 112 3376 1223 3470; baseline 0 -30"><span class='ocrx_word' id='word_1_256' title='bbox 112 3377 226 3444; x_wconf 88' lang='lat' dir='ltr'><strong>trinae</strong></span> <span class='ocrx_word' id='word_1_257' title='bbox 247 3383 437 3470; x_wconf 84' lang='lat' dir='ltr'><strong>praeceptis</strong></span> <span class='ocrx_word' id='word_1_258' title='bbox 458 3383 643 3456; x_wconf 83' lang='lat' dir='ltr'><strong>excoleret,</strong></span> <span class='ocrx_word' id='word_1_259' title='bbox 672 3383 725 3466; x_wconf 82' lang='lat' dir='ltr'><strong>qui</strong></span> <span class='ocrx_word' id='word_1_260' title='bbox 752 3381 912 3464; x_wconf 85' lang='lat' dir='ltr'><strong>deinceps</strong></span> <span class='ocrx_word' id='word_1_261' title='bbox 940 3377 982 3442; x_wconf 87' lang='lat' dir='ltr'><strong>de</strong></span> <span class='ocrx_word' id='word_1_262' title='bbox 1009 3384 1079 3441; x_wconf 85' lang='lat' dir='ltr'><strong>tota</strong></span> <span class='ocrx_word' id='word_1_263' title='bbox 1101 3376 1223 3441; x_wconf 82' lang='lat' dir='ltr'><strong>liente-</strong></span> 
     </span>
     <span class='ocr_line' id='line_1_35' title="bbox 111 3460 1221 3551; baseline -0.001 -27"><span class='ocrx_word' id='word_1_264' title='bbox 111 3463 166 3526; x_wconf 88' lang='lat' dir='ltr'><strong>sia</strong></span> <span class='ocrx_word' id='word_1_265' title='bbox 194 3465 327 3545; x_wconf 82' lang='lat' dir='ltr'><strong>rerbis,</strong></span> <span class='ocrx_word' id='word_1_266' title='bbox 359 3467 493 3551; x_wconf 87' lang='lat' dir='ltr'><strong>scriptis</strong></span> <span class='ocrx_word' id='word_1_267' title='bbox 522 3475 556 3532; x_wconf 88' lang='lat' dir='ltr'><strong>et</strong></span> <span class='ocrx_word' id='word_1_268' title='bbox 586 3465 750 3549; x_wconf 86' lang='lat' dir='ltr'><strong>exemplis</strong></span> <span class='ocrx_word' id='word_1_269' title='bbox 778 3465 863 3530; x_wconf 88' lang='lat' dir='ltr'><strong>bene</strong></span> <span class='ocrx_word' id='word_1_270' title='bbox 892 3468 1097 3547; x_wconf 81' lang='lat' dir='ltr'><strong>meruerunt3</strong></span> <span class='ocrx_word' id='word_1_271' title='bbox 1134 3460 1221 3524; x_wconf 89' lang='lat' dir='ltr'><strong>tales</strong></span> 
     </span>
     <span class='ocr_line' id='line_1_36' title="bbox 109 3545 1223 3636; baseline -0.004 -24"><span class='ocrx_word' id='word_1_272' title='bbox 109 3547 209 3614; x_wconf 80' lang='lat' dir='ltr'><strong>luere</strong></span> <span class='ocrx_word' id='word_1_273' title='bbox 231 3547 271 3614; x_wconf 90' lang='lat' dir='ltr'><strong>S.</strong></span> <span class='ocrx_word' id='word_1_274' title='bbox 285 3549 497 3636; x_wconf 83' lang='lat' dir='ltr'><strong>Hippolytus,</strong></span> <span class='ocrx_word' id='word_1_275' title='bbox 521 3549 623 3636; x_wconf 84' lang='lat' dir='ltr'><strong>Cajns</strong></span> <span class='ocrx_word' id='word_1_276' title='bbox 644 3549 779 3634; x_wconf 83' lang='lat' dir='ltr'><strong>aliique.</strong></span> <span class='ocrx_word' id='word_1_277' title='bbox 801 3547 871 3618; x_wconf 68' lang='lat' dir='ltr'><strong>ssa)</strong></span> <span class='ocrx_word' id='word_1_278' title='bbox 917 3545 1070 3629; x_wconf 82' lang='lat' dir='ltr'><strong>lienique</strong></span> <span class='ocrx_word' id='word_1_279' title='bbox 1092 3547 1223 3614; x_wconf 88' lang='lat' dir='ltr'><strong>immen-</strong></span> 
     </span>
     <span class='ocr_line' id='line_1_37' title="bbox 108 3629 1220 3717; baseline -0.006 -17"><span class='ocrx_word' id='word_1_280' title='bbox 108 3631 162 3700; x_wconf 88' lang='lat' dir='ltr'><strong>sis</strong></span> <span class='ocrx_word' id='word_1_281' title='bbox 195 3653 255 3716; x_wconf 86' lang='lat' dir='ltr'><strong>pro</strong></span> <span class='ocrx_word' id='word_1_282' title='bbox 285 3633 410 3700; x_wconf 84' lang='lat' dir='ltr'><strong>Christi</strong></span> <span class='ocrx_word' id='word_1_283' title='bbox 438 3635 547 3717; x_wconf 72' lang='lat' dir='ltr'><strong>gioria</strong></span> <span class='ocrx_word' id='word_1_284' title='bbox 575 3633 743 3700; x_wconf 85' lang='lat' dir='ltr'><strong>laboribus</strong></span> <span class='ocrx_word' id='word_1_285' title='bbox 795 3632 965 3696; x_wconf 85' lang='lat' dir='ltr'><strong>eriunotus</strong></span> <span class='ocrx_word' id='word_1_286' title='bbox 992 3629 1030 3696; x_wconf 83' lang='lat' dir='ltr'><strong>S.</strong></span> <span class='ocrx_word' id='word_1_287' title='bbox 1059 3631 1220 3698; x_wconf 84' lang='lat' dir='ltr'><strong>irenaeus</strong></span> 
     </span>
     <span class='ocr_line' id='line_1_38' title="bbox 108 3652 1220 3805; baseline -0.001 -24"><span class='ocrx_word' id='word_1_288' title='bbox 108 3715 145 3782; x_wconf 85' lang='lat' dir='ltr'><strong>iu</strong></span> <span class='ocrx_word' id='word_1_289' title='bbox 174 3717 408 3803; x_wconf 84' lang='lat' dir='ltr'><strong>perseeutione</strong></span> <span class='ocrx_word' id='word_1_290' title='bbox 437 3719 590 3805; x_wconf 80' lang='lat' dir='ltr'><strong>Septimii</strong></span> <span class='ocrx_word' id='word_1_291' title='bbox 616 3717 738 3786; x_wconf 83' lang='lat' dir='ltr'><strong>Severi</strong></span> <span class='ocrx_word' id='word_1_292' title='bbox 765 3652 911 3780; x_wconf 66' lang='lat' dir='ltr'><strong>dirersis</strong></span> <span class='ocrx_word' id='word_1_293' title='bbox 940 3714 1057 3800; x_wconf 78' lang='lat' dir='ltr'><strong>proauis</strong></span> <span class='ocrx_word' id='word_1_294' title='bbox 1080 3717 1220 3780; x_wconf 83' lang='lat' dir='ltr'><strong>allectus</strong></span> 
     </span>
    </p>
   </div>
   <div class='ocr_carea' id='block_1_3' title="bbox 123 3891 328 3908">
    <p class='ocr_par' dir='ltr' id='par_1_3' title="bbox 123 3891 328 3908">
     <span class='ocr_line' id='line_1_39' title="bbox 123 3891 328 3908; baseline 0.02 -4"><span class='ocrx_word' id='word_1_295' title='bbox 123 3891 328 3908; x_wconf 54' lang='lat' dir='ltr'><strong>&#39;m</strong></span> 
     </span>
    </p>
   </div>
   <div class='ocr_carea' id='block_1_4' title="bbox 162 3979 607 4046">
    <p class='ocr_par' dir='ltr' id='par_1_4' title="bbox 162 3979 607 4046">
     <span class='ocr_line' id='line_1_40' title="bbox 162 3979 607 4046; baseline -0.002 -6"><span class='ocrx_word' id='word_1_296' title='bbox 162 3979 193 4042; x_wconf 64' lang='lat' dir='ltr'><strong>&#39;l</strong></span> <span class='ocrx_word' id='word_1_297' title='bbox 213 3985 260 4040; x_wconf 81' lang='lat' dir='ltr'><strong>Gi.</strong></span> <span class='ocrx_word' id='word_1_298' title='bbox 280 3987 382 4040; x_wconf 71' lang='lat' dir='ltr'><strong>Erash·</strong></span> <span class='ocrx_word' id='word_1_299' title='bbox 401 3991 453 4044; x_wconf 80' lang='lat' dir='ltr'><strong>lib.</strong></span> <span class='ocrx_word' id='word_1_300' title='bbox 473 3990 501 4046; x_wconf 80' lang='grc'><strong>5.</strong></span> <span class='ocrx_word' id='word_1_301' title='bbox 521 4003 545 4039; x_wconf 89' lang='lat' dir='ltr'><strong>o.</strong></span> <span class='ocrx_word' id='word_1_302' title='bbox 562 3989 607 4044; x_wconf 81' lang='lat'><strong>20.</strong></span> 
     </span>
    </p>
   </div>
   <div class='ocr_carea' id='block_1_5' title="bbox 146 4075 1217 4212">
    <p class='ocr_par' dir='ltr' id='par_1_5' title="bbox 146 4075 1217 4212">
     <span class='ocr_line' id='line_1_41' title="bbox 146 4075 1217 4142; baseline -0.007 -9"><span class='ocrx_word' id='word_1_303' title='bbox 146 4075 195 4142; x_wconf 73' lang='lat' dir='ltr'><strong>”t</strong></span> <span class='ocrx_word' id='word_1_304' title='bbox 216 4084 317 4136; x_wconf 72' lang='lat' dir='ltr'><strong>aaron.</strong></span> <span class='ocrx_word' id='word_1_305' title='bbox 335 4087 386 4137; x_wconf 82' lang='lat' dir='ltr'><strong>lto.</strong></span> <span class='ocrx_word' id='word_1_306' title='bbox 407 4089 433 4138; x_wconf 82' lang='lat'><strong>5.</strong></span> <span class='ocrx_word' id='word_1_307' title='bbox 454 4101 481 4137; x_wconf 78' lang='lat' dir='ltr'><strong>e·</strong></span> <span class='ocrx_word' id='word_1_308' title='bbox 500 4087 545 4140; x_wconf 77' lang='lat'><strong>23·</strong></span> <span class='ocrx_word' id='word_1_309' title='bbox 564 4087 608 4138; x_wconf 75' lang='lat' dir='ltr'><strong>ti.</strong></span> <span class='ocrx_word' id='word_1_310' title='bbox 628 4091 737 4138; x_wconf 75' lang='lat' dir='ltr'><strong>soeret.</strong></span> <span class='ocrx_word' id='word_1_311' title='bbox 757 4091 860 4139; x_wconf 82' lang='lat' dir='ltr'><strong>litator·</strong></span> <span class='ocrx_word' id='word_1_312' title='bbox 881 4085 989 4136; x_wconf 74' lang='lat' dir='ltr'><strong>Bootes.</strong></span> <span class='ocrx_word' id='word_1_313' title='bbox 1008 4087 1059 4135; x_wconf 84' lang='lat' dir='ltr'><strong>tib.</strong></span> <span class='ocrx_word' id='word_1_314' title='bbox 1079 4083 1105 4133; x_wconf 79' lang='lat'><strong>5.</strong></span> <span class='ocrx_word' id='word_1_315' title='bbox 1126 4094 1151 4130; x_wconf 86' lang='grc' dir='ltr'><strong>ο.</strong></span> <span class='ocrx_word' id='word_1_316' title='bbox 1172 4080 1217 4128; x_wconf 73' lang='lat' dir='ltr'><strong>aa.</strong></span> 
     </span>
     <span class='ocr_line' id='line_1_42' title="bbox 218 4153 687 4212; baseline -0.002 -4"><span class='ocrx_word' id='word_1_317' title='bbox 218 4153 264 4204; x_wconf 78' lang='lat' dir='ltr'><strong>(ii-</strong></span> <span class='ocrx_word' id='word_1_318' title='bbox 283 4155 417 4210; x_wconf 68' lang='lat' dir='ltr'><strong>umori·</strong></span> <span class='ocrx_word' id='word_1_319' title='bbox 434 4158 456 4207; x_wconf 89' lang='grc'><strong>1.</strong></span> <span class='ocrx_word' id='word_1_320' title='bbox 476 4169 502 4207; x_wconf 81' lang='grc' dir='ltr'><strong>ο.</strong></span> <span class='ocrx_word' id='word_1_321' title='bbox 522 4171 551 4208; x_wconf 80' lang='lat' dir='ltr'><strong>n·</strong></span> <span class='ocrx_word' id='word_1_322' title='bbox 573 4157 687 4212; x_wconf 78' lang='lat' dir='ltr'><strong>tt-au.</strong></span> 
     </span>
    </p>
   </div>
   <div class='ocr_carea' id='block_1_6' title="bbox 126 4237 1216 4388">
    <p class='ocr_par' dir='ltr' id='par_1_6' title="bbox 126 4237 1216 4388">
     <span class='ocr_line' id='line_1_43' title="bbox 126 4237 1216 4314; baseline -0.018 -9"><span class='ocrx_word' id='word_1_323' title='bbox 126 4241 193 4308; x_wconf 66' lang='lat' dir='ltr'><strong>m)</strong></span> <span class='ocrx_word' id='word_1_324' title='bbox 211 4251 294 4298; x_wconf 67' lang='lat' dir='ltr'><strong>Pbol·</strong></span> <span class='ocrx_word' id='word_1_325' title='bbox 314 4251 380 4304; x_wconf 79' lang='lat' dir='ltr'><strong>cod.</strong></span> <span class='ocrx_word' id='word_1_326' title='bbox 402 4253 460 4305; x_wconf 77' lang='lat' dir='ltr'><strong>tat.</strong></span> <span class='ocrx_word' id='word_1_327' title='bbox 481 4255 551 4304; x_wconf 73' lang='lat' dir='ltr'><strong>nota</strong></span> <span class='ocrx_word' id='word_1_328' title='bbox 568 4257 687 4314; x_wconf 73' lang='lat' dir='ltr'><strong>umryr.</strong></span> <span class='ocrx_word' id='word_1_329' title='bbox 705 4255 734 4300; x_wconf 77' lang='lat' dir='ltr'><strong>S.</strong></span> <span class='ocrx_word' id='word_1_330' title='bbox 755 4251 900 4314; x_wconf 72' lang='lat' dir='ltr'><strong>cotyempt</strong></span> <span class='ocrx_word' id='word_1_331' title='bbox 919 4263 942 4302; x_wconf 71' lang='lat' dir='ltr'><strong>e,</strong></span> <span class='ocrx_word' id='word_1_332' title='bbox 963 4249 1007 4301; x_wconf 72' lang='lat'><strong>23.</strong></span> <span class='ocrx_word' id='word_1_333' title='bbox 1034 4237 1216 4301; x_wconf 74' lang='lat' dir='ltr'><strong>martyrolog.</strong></span> 
     </span>
     <span class='ocr_line' id='line_1_44' title="bbox 221 4319 732 4388; baseline -0.002 -20"><span class='ocrx_word' id='word_1_334' title='bbox 221 4319 339 4371; x_wconf 75' lang='lat' dir='ltr'><strong>lionam·</strong></span> <span class='ocrx_word' id='word_1_335' title='bbox 359 4323 403 4376; x_wconf 82' lang='lat'><strong>23.</strong></span> <span class='ocrx_word' id='word_1_336' title='bbox 423 4323 514 4388; x_wconf 78' lang='lat' dir='ltr'><strong>April.</strong></span> <span class='ocrx_word' id='word_1_337' title='bbox 534 4328 563 4376; x_wconf 88' lang='lat' dir='ltr'><strong>et</strong></span> <span class='ocrx_word' id='word_1_338' title='bbox 584 4321 626 4374; x_wconf 84' lang='grc'><strong>16.</strong></span> <span class='ocrx_word' id='word_1_339' title='bbox 644 4321 732 4371; x_wconf 78' lang='lat' dir='ltr'><strong>iuuit.</strong></span> 
     </span>
    </p>
   </div>
   <div class='ocr_carea' id='block_1_7' title="bbox 0 0 1444 4660">
    <p class='ocr_par' dir='ltr' id='par_1_7' title="bbox 0 0 1444 4660">
     <span class='ocr_line' id='line_1_45' title="bbox 0 0 1444 4660; baseline 0 3"><span class='ocrx_word' id='word_1_340' title='bbox 0 0 1444 4660; x_wconf 95' lang='lat' dir='ltr'><strong> </strong></span> 
     </span>
    </p>
   </div>
  </div>
 </body>
</html>
