2948 4662
1198 304 1259 369 291

147 462 300 530 munione
328 461 492 530 arcendos
521 481 600 530 esse
632 459 827 542 dictitabat,
857 461 896 530 S.
927 455 1114 551 cyprianus
1144 475 1259 554 partes

147 548 187 614 S.
211 546 357 628 Cornelii
383 546 562 628 l'ontilreis,
584 567 679 634 qoam
704 549 839 633 primum
861 547 904 614 de
926 550 1090 616 electione
1109 558 1144 617 et
1166 552 1259 618 ordi·

146 634 282 697 natione
303 632 376 713 ejus
398 631 549 718 legitimo
569 634 692 697 certior
713 633 824 698 iactus
847 633 970 711 iuerat,
993 639 1184 700 constanter
1205 645 1258 702 te-

147 718 218 780 nuit
240 723 442 800 streoueqoe
467 714 634 788 defendar
666 714 710 780 ad
733 713 956 783 Coolessores
985 736 1115 803 quoque
1136 720 1256 786 Novo-

146 801 237 864 tiano
260 798 482 866 adhaerentes
506 799 619 864 literne
642 798 752 878 dedit,
780 800 917 866 eosdem
945 803 1257 886 commonefaciens,

148 892 183 950 ut
206 902 248 949 ue
270 885 448 950 Ecclesiae
471 885 627 948 unitatem
650 881 721 948 diro
744 885 925 951 schismate
947 884 1191 968 disturbarent,
1213 908 1255 955 ao

146 967 276 1033 demum
313 967 425 1032 audito
462 967 639 1034 eorundem
673 966 715 1032 ad
746 968 920 1036 Ecclesiae
954 971 1112 1038 unitatem
1146 973 1256 1040 reditu

146 1070 355 1136 summopere
379 1052 570 1135 gratulatus
591 1057 645 1116 est
667 1053 701 1128 ⁸)
725 1053 807 1128 (rid.
829 1073 931 1137 supra
953 1033 989 1128 S.
1009 1052 1092 1132 et).

231 1160 309 1226 vll.
348 1162 502 1247 [lenique
524 1168 611 1226 mota
634 1163 849 1247 quaestione,
879 1171 984 1227 ntroin
1008 1165 1190 1247 baptismus
1212 1168 1255 1233 nh

147 1245 328 1311 haereticis
349 1247 490 1312 collatos
515 1245 648 1310 validus
670 1255 781 1324 esset,
805 1248 971 1329 ipserum
994 1249 1130 1332 reliquis
1153 1251 1256 1333 Epis·

146 1331 240 1414 copis
266 1330 399 1396 Africae
424 1349 498 1395 earn
521 1335 722 1394 sententiaro
746 1332 921 1416 amplexus
944 1339 1015 1407 est,
1047 1339 1082 1397 et
1103 1333 1254 1416 pluribus

145 1414 299 1497 epistolis
321 1414 408 1480 omni
430 1415 546 1479 virium
568 1425 689 1479 consto
712 1414 873 1490 defendit,
896 1416 1104 1500 argumentis
1126 1423 1193 1482 tam
1212 1436 1256 1483 ex

145 1499 195 1563 rei
218 1505 349 1573 natura,
369 1518 465 1583 qoam
489 1517 532 1563 ex
555 1495 593 1564 S.
618 1497 793 1583 Scriptura
818 1500 942 1584 petitis,
969 1499 1163 1584 baptismum
1186 1501 1257 1568 soi-

144 1582 227 1647 lieet
255 1601 478 1668 quemcunque
509 1582 551 1646 ab
575 1579 754 1648 haereticis
777 1583 830 1646 vel
854 1582 1079 1649 schismaticis
1101 1585 1258 1652 collatum

145 1665 272 1730 nullum
295 1684 374 1732 esse
397 1685 437 1731 ao
459 1664 667 1745 invalidum,
701 1666 851 1750 adeoque
879 1685 921 1731 ex
952 1684 1150 1752 quacunque
1172 1667 1258 1734 hae-

145 1750 215 1814 resi
242 1768 399 1816 reversos
427 1749 470 1814 ad
497 1749 684 1817 Ecclesiam
717 1751 750 1815 in
781 1769 822 1814 ea
852 1749 1017 1836 baptizari
1047 1750 1171 1818 debere
1200 1753 1255 1831 “i

145 1829 242 1922 (vra.
264 1854 368 1919 supro
388 1821 425 1911 s.
447 1828 537 1918 sap

646 2013 683 2105 §-
708 2031 760 2095 or.

313 2171 352 2234 ii.
380 2173 540 2255 opusculo
562 2173 628 2234 niue
656 2167 829 2234 tracturos
862 2169 896 2232 S.
924 2168 1094 2252 Cypriani.

312 2335 349 2402 Ι.
373 2340 532 2403 Adversus
558 2337 703 2402 Gentiles
725 2347 755 2400 el
778 2335 929 2402 traducor.

232 2447 323 2514 luter
345 2448 460 2524 libros.
484 2451 603 2536 qnihos
625 2447 821 2536 religionem
846 2445 1025 2512 Gentilium
1048 2445 1257 2536 impugnavit

143 2538 180 2598 ei
203 2530 410 2600 Christianos
431 2534 598 2613 defendit,
620 2532 789 2600 referendi
811 2536 909 2596 suot:

149 2720 359 2736 m

202 2821 217 2854 p
717 2837 721 2846 .
983 2830 990 2846 ι
1011 2833 1016 2846 .

218 2827 1257 2968 ³hailidedi,,ilisiehllhihlih:³3¹,liiidihihih
1306 2915 1315 2928 ·

251 2974 412 3024 ‹leieosores
431 2975 562 3036 plurimos
580 2985 680 3038 eosque
699 2975 873 3022 doctissimos
891 2975 973 3020 nacto
999 2977 1057 3032 est,
1087 2973 1181 3034 Steph.
1202 2973 1255 3022 lla-

253 3043 374 3103 loniom,
393 3047 487 3094 'l'horm
508 3047 588 3106 ittig,
607 3047 635 3094 J.
657 3044 773 3104 retium,
794 3043 856 3090 Nat.
876 3044 1073 3102 Alexandrum,
1093 3043 1255 3104 tillemont,

253 3113 295 3160 lli.
318 3115 417 3175 Dupiu.
454 3115 498 3165 Cf.
520 3114 767 3178 haginoense.
790 3111 940 3162 uti-ii.
985 3113 1255 3174 „ilaocepistolam

253 3181 393 3242 cypriano
406 3181 542 3246 haunojos
561 3182 749 3248 abjudicavit,
768 3185 817 3231 sed
837 3177 900 3244 ejus
917 3185 1011 3242 opinio
1028 3185 1070 3231 sle
1089 3183 1164 3232 inter
1181 3183 1256 3232 liru-

254 3252 325 3299 ditos
343 3253 456 3312 explosa
474 3260 534 3310 est.
561 3261 591 3305 ιιι
616 3263 705 3306 actum
723 3259 805 3318 agot,
832 3256 879 3315 qni
904 3263 965 3301 eam
990 3252 1126 3302 retellere
1151 3248 1255 3316 velit,“

254 3322 345 3382 lnquit
364 3323 481 3384 humper
499 3327 529 3374 i).
549 3327 598 3376 xi.
619 3341 646 3389 p.
665 3322 728 3376 titi.

184 3408 229 3477 ”³
250 3419 308 3540 iti
325 3423 585 3546 illirium
605 3447 635 3544 h
657 3421 701 3544 ⁷1⁶·
725 3414 1152 3548 demerueritis
1168 3419 1255 3538 llll·

289 3504 923 3550 tote-Ventum·
1210 3517 1218 3534 Φ

253 3557 314 3609 -5.
359 3561 398 3610 lie
423 3565 542 3614 veriats
568 3565 776 3615 controversiae
801 3561 913 3610 saeculo
937 3561 986 3608 iii.
1014 3559 1155 3608 excitatae
1180 3559 1256 3608 circa

251 3632 404 3682 iterandum
425 3636 589 3695 baptismum
609 3637 643 3684 oh
664 3634 813 3684 haereticis
832 3631 980 3680 collatum.
1003 3641 1052 3678 seo
1081 3631 1115 3678 de
1136 3627 1256 3678 anthen-

252 3703 293 3749 tia
312 3704 492 3763 epistolarum
509 3707 539 3754 s.
560 3704 692 3767 Cypriani
712 3711 742 3754 et
763 3701 938 3759 liirmiiiani,
957 3711 1027 3762 qnae
1047 3700 1081 3749 ed
1099 3700 1170 3749 hanc
1188 3709 1256 3749 oon-

250 3775 413 3822 troversiam
433 3778 590 3836 pertinent,
608 3776 720 3824 saeculo
739 3773 862 3834 proxime
881 3770 976 3830 elapso
995 3773 1100 3819 acriter
1117 3771 1255 3832 disputari

250 3845 375 3904 coeptum
396 3849 457 3906 θοις
476 3845 656 3894 nihilominus
674 3845 755 3894 hodie
774 3842 923 3891 munionis
943 3839 1116 3890 eruditorum
1135 3846 1253 3890 senten-

250 3914 291 3959 tia
315 3916 428 3962 easdem
452 3926 501 3976 pro
526 3917 658 3978 genuinis
686 3915 779 3979 hahet,
821 3911 889 3959 Vid.
910 3909 1028 3970 huruper
1053 3909 1082 3957 Ρ.
1103 3911 1167 3960 xii.
1194 3911 1253 3970 Ap-

251 3983 332 4040 peuri.
345 3985 380 4032 il.
401 3997 429 4044 p.
448 3981 599 4036 oti-oet.
618 3989 648 4034 et
664 3985 693 4034 J·
714 3985 744 4032 ll·
761 3982 852 4031 Palma
866 3982 1004 4030 Praeleet·
1023 3981 1128 4030 ilistor.
1144 3979 1255 4028 Eccles.

251 4051 355 4100 Romae
377 4051 454 4104 ¹8³8·
473 4055 507 4102 To
526 4056 547 4104 Ι.
567 4055 597 4104 P·
617 4056 639 4103 ¹0
659 4065 685 4102 00
705 4049 750 4104 28·
778 4050 818 4112 (Po
841 4045 889 4100 ¹42
909 4077 935 4088 ··
953 4047 1012 4106 GU·
1063 4048 1109 4097 css
1136 4050 1206 4097 Acta
1225 4051 1255 4093 0st

250 4121 431 4172 monumenta
448 4123 651 4174 celeberrimae
670 4125 705 4174 tle
723 4125 887 4182 baptismate
906 4121 1108 4168 iraeretieoruor
1128 4117 1255 4174 disputa-

252 4194 336 4241 tionis
360 4198 569 4257 reeentiumque
589 4196 803 4244 Dissertationes
828 4192 862 4238 ad
887 4201 947 4237 earn
972 4202 1029 4240 rem
1048 4187 1207 4248 spectantes
1225 4183 1256 4232 in

252 4261 347 4324 liigne
366 4263 502 4328 Patrolog.
522 4265 602 4315 curs.
621 4265 655 4314 ι’.
674 4265 723 4312 ΙΙΙ.
741 4275 770 4325 p·
792 4255 974 4312 root-itte.

967 4347 1044 4412 19*
