2880 4660
12 4133 15 4272 l

125 209 128 216 ⁴
185 265 249 330 216

188 429 437 497 conversionem
459 427 663 495 Judueorunr
686 425 756 492 duit
776 445 872 512 opus.
891 423 1061 513 Dialogus
1076 423 1131 489 llio
1146 423 1188 490 ob
1206 443 1301 490 eum·
1426 455 1427 498 ι

188 533 243 582 mo
264 512 476 580 Christianae
504 511 675 578 doetrinae
710 509 869 594 dogmate
902 509 1013 576 solide
1044 527 1084 574 ao
1118 507 1303 594 diligenter
1426 547 1427 590 ι

189 605 392 687 pertrectato
424 599 457 662 in
493 595 635 661 maximo
663 613 797 679 semper
830 594 872 659 uir
903 594 1053 658 omnibus
1084 592 1218 658 nubilus
1245 599 1303 658 est
1426 619 1427 626 ι

190 682 320 769 μιεῑίοι
343 681 538 766 praesertim
562 698 641 745 vero
664 678 708 743 ibi
731 677 795 743 loci
818 696 932 744 omnes
949 675 1131 763 prophetici
1143 676 1187 743 de
1198 673 1301 742 ctri-

189 775 255 845 sto,
277 767 395 850 quilius
417 784 480 831 uss
496 770 556 830 ‘est
578 764 714 846 outioun
740 761 900 828 Ecclesia
920 769 956 826 et
978 778 1062 845 quos
1083 760 1094 824 i
1118 761 1148 825 si
1168 759 1302 826 duduei

191 869 253 916 eeu
276 851 365 915 toles
388 853 599 936 ugnoveruut
632 842 656 936 (
669 846 806 934 Dialog.
830 865 863 911 n.
885 837 995 930 Sd),
1024 863 1081 928 pro
1099 852 1235 910 eruntur
1267 851 1304 910 et

190 933 411 1018 explicantur,
434 932 557 1001 Psalmi
580 930 744 997 messiani
765 931 999 1017 explanantur,
1021 927 1137 994 addita
1159 927 1302 993 demon-

191 1019 366 1093 stratione,
388 1035 448 1084 eos
470 1018 503 1082 in
525 1014 647 1081 nullum
670 1014 779 1092 ulium,
802 1014 876 1080 sive
888 1011 1113 1091 Salomonem,
1128 1013 1202 1078 sive
1213 1011 1303 1078 Eze-

192 1101 318 1180 chium,
340 1102 404 1167 nisi
437 1103 470 1166 in
499 1099 606 1166 solum
640 1097 807 1164 Christum
836 1099 1035 1176 convenirer
1068 1097 1140 1194 typi
1170 1114 1302 1181 quoque

190 1185 328 1253 Veteris
348 1184 558 1252 Testamenti
580 1181 711 1269 plurimi
740 1183 885 1271 egregie
912 1190 947 1250 et
973 1183 1154 1271 ingeniose
1181 1179 1302 1246 diluci—
1426 1245 1427 1248 ,

194 1269 326 1336 duntur.

687 1447 726 1537 S.
748 1462 801 1526 ιι.

521 1602 555 1668 8.
578 1602 704 1667 sortior·
735 1603 842 1688 Opera
863 1601 973 1670 dorbia.

277 1769 390 1856 Opere
411 1769 496 1837 loeo
523 1770 604 1837 teliu
630 1776 726 1845 suut,
749 1778 802 1849 ut,
831 1769 983 1855 quemuis
1005 1769 1045 1837 S.
1067 1769 1193 1836 Jusiini
1221 1790 1304 1838 esso

191 1856 342 1943 possint,
369 1855 558 1922 testimonia
580 1864 692 1922 tumen
713 1854 891 1933 Veterum,
918 1871 1005 1937 quae
1025 1874 1085 1942 pro
1107 1854 1224 1922 iisdem
1246 1856 1303 1922 la-

191 1941 299 2022 ciunt,
327 1939 383 2005 vel
407 1938 509 2005 dubia
536 1939 621 2017 sint,
651 1939 707 2004 vel
734 1939 865 2008 omniuo
894 1937 1003 2014 nullo,
1036 1945 1137 2026 utque
1163 1938 1302 2026 insuper

191 2024 325 2108 stylus,
347 2021 520 2172 cogitandi
541 2024 626 2088 rutiu
648 2035 684 2090 et
705 2023 896 2090 sententiae
919 2021 1083 2106 quaedum
1104 2025 1303 2122 singulares

219 2107 349 2173 enuinis
409 2151 418 2172 .
449 2106 577 2172 Justini
608 2102 772 2192 Operibus
808 2105 895 2172 adeo
928 2107 1108 2174 dissimiles
1139 2114 1228 2187 sint,
1264 2115 1304 2175 ut

189 2128 380 2342 {indileve
402 2187 446 2256 de
467 2187 641 2257 authentia
662 2190 793 2256 dubium
815 2191 924 2258 auimo
940 2191 1107 2281 ingenuo
1130 2191 1204 2260 Huc
1221 2210 1305 2278 per-

242 2292 283 2342 eu

271 2384 320 2492 1)
346 2384 484 2464 Oratio
510 2387 563 2462 od
588 2350 756 2464 G'rarros
782 2381 910 2490 Oropos
935 2413 1029 2486 προς
1051 2386 1258 2494 munros),

269 2516 320 2624 2)
347 2514 573 2595 cohortatio
603 2518 657 2595 ad
680 2517 848 2596 Graecus
879 2515 1013 2621 (ieyog
1043 2543 1303 2620 παραινετικος

345 2648 440 2718 προς
461 2619 668 2724 Έλληνας),

269 2747 317 2852 3)
346 2747 555 2825 liaciano
587 2750 635 2824 de
659 2747 897 2828 Monorolto
932 2747 963 2854 (
955 2778 1037 2850 περι
1060 2757 1272 2850 μοναρκιας
1268 2752 1302 2857 )

345 2885 409 2934 seu
435 2851 484 2926 de
514 2849 668 2928 Unitum
696 2849 781 2928 Det.

257 2977 414 3094 prm?
440 2981 493 3054 ad
519 2979 689 3056 Graecos
710 2999 744 3078 ⁶)
766 3016 827 3065 seu
850 2996 1004 3068 Gentiles
1027 3002 1141 3069 brevis
1162 3008 1218 3069 est
1239 3022 1306 3069 ex-

192 3085 313 3167 positio
342 3088 523 3158 rutronnm,
552 3083 670 3182 quibus
700 3082 865 3150 udduetus
888 3083 1041 3152 Gentiles
1070 3087 1191 3154 missos
1219 3086 1307 3153 lecit

191 3170 227 3230 et
259 3164 370 3232 suetus
403 3172 458 3233 est
487 3165 709 3234 Christianus.
768 3167 930 3234 lintiones
961 3176 1070 3237 eutem
1100 3171 1187 3238 istae
1223 3177 1307 3237 sunt

190 3249 412 3336 turpitudiues
435 3257 470 3317 et
488 3252 631 3328 scelera,
653 3271 740 3337 quoe
763 3251 804 3316 nb
814 3251 958 3319 Homero
979 3261 1014 3320 et
1026 3255 1189 3334 Hesiodo,
1205 3254 1305 3322 Gen-

190 3335 298 3402 tilium
319 3335 446 3404 'l'lreolo
476 3336 522 3414 is,
551 3336 595 3402 de
617 3335 683 3402 diis
704 3343 805 3423 utque
827 3335 983 3404 heroibus
1005 3341 1077 3406 suis
1099 3339 1304 3418 referuntur,

191 3419 301 3518 cultus
323 3356 485 3519 ejusmoii
507 3418 573 3486 diis
600 3421 806 3487 couveniens
836 3427 872 3487 et
900 3423 1044 3489 moribus
1079 3424 1305 3508 perniciosus,

190 3592 247 3653 ten
273 3606 325 3654 um
347 3606 408 3656 eos
432 3589 584 3676 impense
605 3585 766 3659 hortetur.

239 3918 270 3984 ⁴¹)
286 3925 328 3974 De
346 3921 409 3989 ejus
426 3929 569 3979 authentia
586 3930 622 3979 ot.
641 3928 724 3980 Prud.
743 3929 850 3980 lterum
869 3933 962 3985 Prnet.
986 3933 1017 3984 Ρ.
1037 3937 1088 3986 ΙΙΙ.
1113 3946 1140 3985 ο.
1160 3935 1187 3986 2.
1216 3947 1247 3984 n.
1267 3933 1296 3985 2.

288 3994 411 4056 (‚,Nemo
427 4001 504 4050 lllom
524 3994 668 4061 utrJudtont
685 4001 715 4048 s.
733 4000 870 4063 mamyri,
895 4015 948 4054 neo
965 4005 1089 4066 protecto
1108 4005 1221 4056 vtdotur
1240 4006 1294 4055 ulr-

285 4063 484 4130 Judlenuds“).
507 4071 624 4132 [lumper
642 4071 671 4118 Ρ.
690 4071 727 4120 ll·
747 4085 775 4135 p·
797 4065 1033 4138 tot-timulo
1052 4079 1074 4129 l.
1092 4070 1146 4128 llll.
1167 4069 1208 4126 ὅ.
1228 4073 1291 4128 22t.

290 4125 400 4200 &euritii
418 4139 441 4188 l.
461 4132 521 4202 ποι.
540 4132 581 4189 Q.
602 4137 735 4194 lod-el·
839 4183 841 4188 .

190 3504 367 3654 relipruurs
388 3523 469 3572 vero
491 3503 703 3572 christianae
724 3505 942 3593 praestantis,
964 3505 1007 3573 ed
1030 3527 1128 3594 quum
1150 3507 1305 3595 umplee-
1426 3499 1427 3508 '
