2880 4660
210 335 275 400 214

213 519 302 572 nuos,
332 497 406 564 dies
438 496 611 562 earm-iste
643 493 794 570 Judaeo,
825 494 864 571 t²)
934 507 1073 575 iramque
1106 495 1229 575 prestet
1260 499 1323 574 per

197 585 310 652 otium
334 584 449 649 forsan
473 579 681 647 emendatam
704 578 810 644 literis
830 510 1012 671 manaurit,
1033 574 1132 670 sicuti
1156 573 1321 670 promise-

212 674 265 735 rat
285 665 453 752 Tryphoni
476 667 616 750 ejusque
637 664 750 730 sociis.
773 663 825 732 *ἢ
871 659 1036 746 Dialogus
1058 665 1122 722 rste
1145 657 1235 724 haud
1266 676 1322 722 rn-

212 760 306 820 eerta
327 752 484 817 Veterum
507 749 704 815 auctoritate
727 745 765 813 S.
786 745 922 811 Justino
956 743 1180 827 adjudicatur,
1203 746 1239 806 et
1260 759 1322 806 ce-

213 844 286 904 tera
308 834 417 902 omnia
440 838 481 898 at)
505 833 561 898 itio
584 850 664 897 vere
687 832 773 898 triane
795 837 969 894 tractatum
993 847 1072 894 esse
1097 825 1320 909 conscriptum
1424 819 1425 864 i

213 928 332 1005 aperte
352 917 581 1015 testificantur.
604 917 677 988 m)
719 916 758 980 ln
780 913 843 980 hae
867 913 1093 1060 disputatilone
1114 916 1230 1007 eontra
1251 908 1322 972 du..

213 1003 459 1184 §tarditat
477 998 1323 1180 {ttriariorutttttttatrrtt'retest

215 1191 289 1240 nem
313 1171 536 1236 Chrratranam
560 1176 709 1238 narravit
731 1164 799 1255 (n.
825 1168 893 1230 1-
909 1169 939 1230 9.
956 1157 1001 1249 J,
1024 1161 1161 1248 Trypho
1188 1163 1323 1244 objecit,

216 1255 301 1341 quod
324 1252 503 1321 Christiani
525 1252 638 1339 legem
659 1251 735 1328 Dei,
758 1249 869 1315 datam
893 1251 1094 1332 pertinsem
1115 1264 1179 1311 noo
1203 1247 1324 1310 obser-

215 1345 314 1420 vent,
335 1336 458 1404 deinde
478 1336 579 1404 etiarn
600 1335 705 1420 quod,
727 1355 800 1400 euru
822 1353 915 1419 spern
939 1353 1035 1398 suam
1058 1336 1183 1416 ponant
1203 1330 1236 1394 in
1259 1327 1324 1394 ho-
1425 1343 1426 1346 ’

214 1423 302 1489 mine
324 1420 491 1496 crucifixo,
513 1427 622 1488 semet
642 1427 752 1485 tamen
775 1418 898 1504 aliquid
923 1417 999 1483 boni
1021 1437 1042 1482 a
1066 1417 1136 1482 Deo
1158 1431 1324 1482 consecu-

216 1516 309 1573 turos
330 1524 411 1573 esse
430 1512 585 1589 sperent,
630 1506 757 1570 uamvis
779 1504 891 1585 legem
914 1522 935 1567 a
958 1501 1029 1567 Deo
1052 1501 1151 1566 tatem
1173 1515 1237 1564 non
1260 1517 1323 1564 eu-

215 1591 364 1657 stodiant
385 1587 443 1740 Su.
475 1583 560 1670 tn).
644 1589 695 1654 nie
721 1589 833 1673 itaque
861 1603 1041 1653 occurrens
1062 1585 1217 1660 destinas
1248 1586 1324 1670 agit

241 1675 352 1740 nimum
409 1693 429 1740 e
465 1673 546 1759 tege
566 1671 703 1738 Veteris
730 1672 955 1749 Testamenti,
986 1671 1169 1755 probatque
1192 1671 1242 1734 he
1270 1687 1323 1734 em

215 1696 375 1826 Terei-em
396 1759 571 1840 vetusque
588 1757 836 1824 Testamentum
859 1774 938 1822 esse
959 1755 1154 1850 abrogatum
1179 1687 1324 1840 peria-
1426 1781 1427 1830 ι

244 1863 296 1910 eur
318 1849 352 1910 et
373 1843 621 1910 Testamentum
644 1841 784 1906 Novum.
828 1837 922 1920 ouon
954 1845 990 1905 ut
1011 1835 1154 1904 durdaers
1182 1855 1324 1922 persua·
1426 1851 1427 1878 t

217 1865 482 2014 {entstriptieis
504 1925 641 2023 generis
664 1930 845 2011 praecepta
867 1926 898 1989 in
921 1924 1020 2011 Lege
1042 1921 1176 1988 Veteris
1198 1923 1324 1988 Testa·

218 2011 321 2080 menti
356 2014 516 2077 contineri
544 2009 681 2089 statuitr
711 2009 779 2074 atis
807 2008 940 2074 scilieet
968 2006 1010 2073 ad
1039 2007 1104 2073 Dei
1136 2006 1256 2073 euttum
1290 2015 1325 2071 et

214 2094 370 2180 justitiae
391 2093 659 2162 observationem
679 2112 759 2158 esse
780 2091 871 2166 data,
894 2099 930 2158 et
951 2089 1034 2160 haee
1057 2099 1093 2157 ut
1114 2107 1195 2156 vere
1218 2091 1326 2156 adim-

218 2179 390 2263 pleantur,
421 2196 485 2242 non
508 2175 691 2242 seeundum
712 2176 857 2252 literam,
887 2175 947 2242 sed
969 2175 1151 2244 seeundum
1172 2176 1325 2260 spiritum

218 2280 298 2329 esse
319 2258 541 2348 intelligenda
561 2265 596 2326 et
628 2259 859 2337 obseruanda,
892 2277 1000 2346 eaque
1028 2260 1158 2326 ratione
1187 2277 1209 2326 a
1240 2259 1325 2325 sutis

219 2345 437 2426 Christianis,
464 2345 520 2442 qui
535 2344 699 2428 justitiam
722 2365 786 2410 non
808 2345 842 2410 in
864 2345 1099 2410 observatione
1120 2343 1326 2429 quorundam

218 2438 430 2498 externorum
456 2436 592 2508 rituum,
625 2428 687 2498 sed
719 2428 753 2496 in
776 2427 841 2496 fide
863 2435 898 2494 et
921 2429 1016 2496 bonis
1037 2427 1192 2514 operibus
1213 2428 1324 2494 eollo·

219 2523 315 2595 cent,
337 2513 403 2582 Dei
432 2515 546 2602 gratia
568 2513 750 2597 adjnvante
772 2514 963 2589 observari,
997 2514 1052 2600 qui
1075 2511 1197 2578 ideireo
1225 2512 1325 2580 etium

219 2598 459 2668 haereditatem
480 2599 573 2665 vitae
593 2607 752 2665 aeternae
774 2597 926 2681 adepturi
955 2598 1041 2673 stuta
1076 2585 1144 2662 ntia
1177 2615 1259 2663 vero
1282 2598 1325 2662 ob
1428 2617 1429 2626 2

220 2683 371 2749 duritiam
393 2681 503 2748 cordis
531 2683 642 2766 populi
664 2680 799 2746 Judaiei
833 2683 1041 2767 praescripta
1070 2680 1192 2758 fuisse,
1221 2697 1263 2744 ne
1292 2683 1326 2745 in

218 2764 439 2832 idololatriam
461 2764 653 2830 laberentur
669 2765 777 2829 Deire
799 2765 1087 2842 obliviscerentur,
1102 2772 1138 2830 et
1158 2763 1244 2830 haee
1254 2767 1326 2846 jnm

219 2869 286 2916 non
308 2866 388 2914 esse
408 2848 620 2920 necessaria:
656 2846 785 2915 deinum
804 2850 872 2915 alia
903 2850 945 2914 ad
974 2848 1099 2915 Christi
1132 2850 1324 2931 mysterium

219 2932 400 3081 iiiiii*
417 2931 1209 3105 erutuettrvtua'ttttttuttts
1224 2940 1328 3083 “Ti

218 3099 318 3186 Lege
362 3097 583 3188 raefiguratus
606 3100 723 3178 fuerit,
755 3110 790 3170 et
811 3101 896 3167 haee
927 3103 1040 3169 ultima
1066 3102 1260 3168 necessario
1293 3103 1326 3166 in

218 3184 292 3271 ipso
312 3119 462 3252 astasius
484 3183 631 3251 adventu
655 3192 819 3271 tamquam
842 3185 906 3251 fine
927 3206 988 3252 suo
1012 3185 1177 3253 desinere.
1219 3185 1328 3252 Porro

219 3268 320 3335 etiam
340 3267 437 3346 inde,
488 3266 551 3334 uod
581 3268 674 3335 multi
701 3277 780 3337 ante
811 3270 922 3357 tegern
944 3271 1127 3338 Massiuam
1143 3269 1228 3354 justi
1251 3269 1327 3334 rne-

217 3354 295 3433 rint,
316 3289 592 3440 evincitflegem
614 3353 795 3421 Musaiearu
819 3374 884 3420 non
906 3373 985 3420 esse
1007 3355 1139 3422 omnino
1162 3373 1326 3420 neeessa-

216 3437 298 3505 riam
321 3431 378 3525 (ιι.
405 3431 576 3523 11-47.].
598 3479 640 3492 -
682 3439 765 3506 Turn
787 3439 945 3505 Justinus
967 3439 1011 3505 ad
1033 3442 1174 3506 atterum
1209 3438 1327 3522 ubjec-

218 3521 318 3590 tionis
338 3529 440 3609 caput
459 3523 590 3603 transit,
612 3521 744 3592 seilicet
764 3523 960 3591 incredibile
981 3542 1061 3592 esse
1082 3541 1147 3590 nee
1168 3542 1243 3589 eum
1262 3521 1330 3588 Ve-

222 3705 432 3727 m

269 3809 297 3879 ’)
316 3815 419 3867 Enseu.
439 3818 490 3870 ltu.
507 3815 535 3868 t.
555 3831 581 3868 o.
604 3817 646 3870 18.
666 3821 780 3870 ttteron.
800 3819 822 3868 t.
841 3832 866 3871 e.

251 3907 302 3972 **)
320 3913 394 3964 Dtat.
414 3926 439 3965 o.
459 3915 562 3976 urypn.
582 3925 611 3963 n.
629 3913 675 3966 80.
710 3913 754 3966 Gt.
774 3917 893 3979 Lumpar
909 3918 941 3967 Ρ.
961 3918 998 3969 Π.
1017 3931 1044 3982 p·
1063 3915 1181 3971 88-91.
1199 3909 1325 3977 &aulida

323 3984 345 4034 r.
363 3977 424 4046 nn.
444 3977 484 4034 a.
506 3981 655 4035 rou-rot.

233 4073 297 4140 m)
314 4080 416 4132 Enseu·
435 4082 486 4131 rto.
504 4078 531 4131 t.
551 4093 577 4130 e.
597 4079 640 4132 18.
673 4083 835 4144 utemuym.
853 4084 876 4134 1.
895 4097 921 4134 a.
953 4082 996 4134 Gt.
1017 4077 1129 4146 &rmiidp
1155 4088 1177 4136 Ι.
1198 4080 1260 4146 sstt.
1282 4079 1323 4132 e.

321 4147 466 4202 75-100.
487 4173 519 4186 -
555 4151 704 4216 integrttas
722 4153 829 4218 Diatogr
848 4150 930 4218 hujus
948 4165 966 4204 a
984 4155 1127 4205 nounuttta
1152 4159 1181 4205 tn
1207 4155 1323 4205 duorum

318 4222 548 4346 {oepnbureuua
567 4221 727 4278 detenditur
744 4235 762 4276 a
780 4225 861 4276 t’rud·
879 4225 995 4278 nmmo
1013 4225 1138 4278 aanor.
1163 4227 1196 4276 Ρ.
1216 4227 1267 4276 Ιιι.
1297 4237 1324 4274 ο.
