2880 4660
106 533 229 620 nysius
253 532 478 620 Areopagita,
512 533 553 599 eri
575 531 626 598 lris
649 532 688 601 S.
711 535 834 621 Papias
856 537 1144 622 Hierapolitanos,
1176 539 1247 607 de'

104 620 229 705 quibus
252 635 358 704 pauca
377 617 539 702 quaedam
558 619 765 706 subjungere
785 621 893 686 visum
915 630 979 687 esi.
1002 661 1044 674 -
1074 619 1111 689 S.
1134 622 1219 690 Ilio·

105 705 227 787 nysius
264 702 491 820 Areopagita,
520 702 665 800 ullaulo
701 705 868 801 glposiolo
896 705 938 770 ad
972 705 1217 805 iidem-Christi

105 803 316 966 {illiti}
343 786 1217 966 liiiilliti5¹tilirlllllilnlitiitz

105 973 189 1020 esse
207 952 415 1050 'perhrltelun
439 954 522 1051 aas).
556 952 839 1051 Circrrml'eruninr
861 959 988 1054 passim
1002 957 1066 1024 sub
1086 961 1216 1026 nomine

107 1035 149 1104 S.
171 1037 327 1121 llronysn
351 1039 581 1125 Areopagitae
603 1047 728 1124 scripta
749 1048 942 1127 sequeutia:

173 1145 216 1232 1]
239 1147 293 1216 lle
315 1148 455 1216 coelesti
482 1149 671 1215 hierarchis

169 1255 217 1347 2)
240 1260 284 1325 de
307 1260 543 1327 ecclesiastica
570 1261 756 1330 hierarchia

169 1366 216 1458 3)
242 1371 285 1437 de
308 1357 432 1438 (livinis
449 1373 634 1440 nominibus

170 1479 218 1572 4)
241 1483 284 1550 de
305 1484 449 1567 mystica
472 1483 663 1575 Theologia

172 1589 220 1682 5)
241 1595 405 1679 epistolae
436 1596 569 1673 decem,
602 1599 721 1684 quibus
755 1598 788 1663 in
820 1598 1030 1666 Bibliotheca
1065 1599 1214 1666 lllaxims

234 1680 368 1746 Petrum
392 1681 491 1748 eiiam
513 1683 688 1750 undecima
709 1682 753 1747 ad
776 1683 1036 1766 Apollophanem
1066 1683 1213 1767 philoso-

228 1764 333 1848 phum
356 1765 490 1848 adiecta
511 1775 577 1846 esi,-
597 1786 683 1852 quae
704 1773 814 1833 tamen
837 1767 1024 1832 certissima
1045 1766 1213 1832 evidentis

233 1848 395 1916 falsitatis
417 1851 566 1935 praefert
587 1851 721 1924 indicia,
743 1858 778 1916 et
800 1850 842 1915 ub
865 1849 931 1914 alio
947 1850 1046 1936 plane
1063 1858 1213 1928 auctore,

232 1952 330 2018 quam
353 1934 483 2018 reliqua
504 1931 627 2022 ilpera,
651 1935 804 2019 proiecta
824 1939 889 1999 est.

192 2043 314 2121 Liber·
350 2048 398 2122 de
441 2051 591 2123 coelesti
633 2048 858 2123 hierarchia
891 2063 1024 2149 proprie
1050 2066 1215 2128 tracturus

102 2145 316 2236 theologicus
336 2155 390 2215 esi
411 2147 455 2216 de
478 2150 631 2237 angelis,
661 2169 796 2236 quorum
823 2158 975 2214 natorum
1008 2153 1042 2214 el
1070 2147 1215 2228 nomina,

103 2229 242 2298 diversa
263 2251 413 2313 munera,
435 2251 613 2320 corporeas
636 2232 813 2318 imagines,
836 2234 953 2319 quibus
974 2232 1007 2298 iu
1030 2230 1069 2299 S.
1094 2230 1215 2316 Scrip-

101 2321 181 2382 tura
201 2316 404 2404 figurantur,
439 2327 474 2384 et
497 2318 675 2404 praecipue
696 2336 815 2384 novem
837 2337 950 2384 eorum
979 2316 1133 2392 ordines,
1170 2335 1215 2381 ex

101 2401 228 2547 quilrlus
263 2401 369 2468 omnis
398 2401 587 2468 hierarchia
616 2400 776 2469 coelestis
804 2409 954 2482 constat,
987 2399 1146 2466 descrivit
1179 2405 1216 2462 et

101 2503 176 2570 exp
190 2485 266 2550 icat.

195 2592 318 2671 Liber·
342 2598 389 2673 dc
412 2601 670 2675 ecclesiastico
696 2585 931 2684 hierarchia,
954 2615 1127 2697 postquam
1140 2610 1213 2692 ejus

101 2713 231 2762 nexum
253 2717 326 2764 cum
347 2699 427 2765 lilrro
450 2701 571 2785 priore,
595 2707 631 2766 ei
651 2697 846 2765 relationem
869 2693 1087 2762 hierarchiae
1100 2696 1216 2760 eccle-

101 2781 267 2846 siasticae
289 2783 332 2848 ad
356 2783 572 2850 hierarchiam
601 2783 780 2850 coelestem
807 2780 995 2867 praemisit,
1023 2778 1067 2844 ule
1095 2797 1214 2844 sacra-

102 2866 225 2930 mentis
249 2868 412 2950 baptismi,
434 2874 469 2934 et
479 2869 715 2942 eucharistiae,
732 2866 775 2932 de
787 2866 878 2932 sacri
891 2864 956 2932 olei
970 2862 1213 2938 benedictione,

102 2948 147 3014 ule
169 2949 378 3018 ordinatione
398 2971 574 3019 sacrorum.
591 2951 768 3018 Ecclesiae
790 2950 1028 3024 ministrorum,
1057 2947 1213 3032 Episcopi

101 3034 200 3112 scil,
226 3036 418 3120 presbyteri
441 3043 475 3102 ei
498 3038 647 3117 diaconi,
679 3055 720 3102 ac
742 3033 785 3100 de
814 3035 953 3100 solemni
981 3031 1214 3098 monachorum

103 3117 317 3202 professione
343 3121 542 3190 articulatim
564 3121 732 3209 disputat,
755 3117 807 3186 liis
829 3129 1018 3185 accursium
1039 3116 1214 3204 subJungit

158 3435 192 3496 *i
208 3445 275 3492 nco.
294 3445 421 3504 spanni.
444 3445 491 3510 17,
509 3443 555 3498 at.

144 3530 192 3593 ”t
211 3539 315 3590 nosen
335 3541 386 3590 rin.
403 3541 432 3593 3.
452 3555 477 3592 c.
497 3539 525 3593 t.
544 3546 574 3593 sc
594 3544 644 3593 rm.
656 3537 684 3591 i.
703 3553 729 3590 c.
747 3539 792 3591 oo.

119 3629 190 3694 ”¹⁰
206 3637 283 3756 rie
302 3633 866 3769 litori⁸·„⁰⁸⁰³·iii'⁶⁰r³iu
879 3635 1000 3760 “iri
1022 3629 1157 3757 olli
1175 3637 1212 3758 r

337 3737 346 3756 s
375 3723 389 3758 8
469 3741 478 3758 s
529 3723 600 3760 en!
714 3739 723 3756 ο
775 3738 784 3754 ⁰
884 3727 917 3740 ⁸-
973 3742 1009 3760 ss

207 3776 262 3824 lroe
286 3775 436 3841 Dionysio,
467 3783 517 3830 ssd
543 3725 633 3830 myinus
657 3781 736 3830 ceris
766 3777 877 3827 trudunt
902 3777 1018 3827 Mamaea
1045 3776 1211 3830 Graecorum

208 3847 258 3894 dio
286 3845 314 3894 ³.
341 3847 424 3909 oon,
454 3853 482 3898 et
513 3861 582 3912 quae
611 3863 646 3900 ex
675 3849 742 3898 Sim.
777 3847 986 3909 metaphrasis,
1023 3849 1063 3897 iii.
1088 3849 1211 3911 Syngelo

208 3918 240 3962 et
256 3915 398 3969 Metindio
415 3921 477 3968 sire
495 3921 652 3970 Metrodoro
670 3919 790 3980 altisque
811 3917 943 3980 leguntur
968 3919 1044 3966 'i'orn
1064 3919 1099 3966 li.
1135 3919 1210 3979 ope-

200 3995 269 4032 ¹runs
289 3987 418 4050 Dionysii
438 3991 506 4037 edii.
525 3988 657 4052 corrice,
677 3990 724 4038 ubi
743 3995 771 4038 et
791 3991 849 4038 vitu
868 3989 897 4035 S·
919 3989 1045 4049 Dionysii
1070 3989 1132 4037 fuse
1159 3989 1211 4036 de-

206 4057 314 4117 scripta
331 4070 348 4106 a
373 4059 404 4106 Ρ.
423 4058 536 4108 iialloix
561 4062 718 4110 exornetur.
739 4084 770 4096 -
808 4059 925 4108 Multum
943 4059 1009 4107 oiim
1026 4059 1209 4117 disceptnmm

208 4127 273 4186 cst,
300 4131 391 4178 utrum
418 4129 490 4178 idem
508 4129 546 4178 sit
569 4131 598 4178 s.
620 4130 768 4191 Dionysius
788 4130 973 4189 Areopogttn,
999 4129 1102 4190 primus
1121 4123 1212 4172 Atho-

207 4197 318 4244 mieusis
342 4197 508 4260 Episcopus,
534 4201 580 4262 qui
605 4201 635 4248 et
659 4199 808 4261 Episcopus
830 4197 1014 4256 Partstsosts,
1043 4197 1210 4244 i'rsncomu

208 4266 377 4330 Apostolusy
395 4279 457 4320 eam
475 4280 544 4321 vero
562 4271 751 4332 quaestionem
770 4269 815 4318 irio
832 4269 964 4317 excutere
981 4265 1093 4314 minime
1110 4266 1210 4320 oppor-

210 4337 288 4386 tuum
311 4339 393 4388 duco.
