2866 4652
198 292 239 356 10

197 463 232 524 et
265 457 338 555 ipsc
371 455 520 524 al‘atre
550 457 752 539 acceperat,
790 451 907 540 eisquc
937 449 1122 538 legitimam
1152 457 1308 530 titaneus

197 543 410 622 missionem,
445 544 481 606 ut
501 557 584 624 opos
607 535 838 604 tlodciritionis
867 537 900 602 in
929 543 1040 616 terro,
1073 533 1151 602 vice
1179 535 1308 604 Christi

197 625 240 692 ad
271 625 402 694 l’atrcio
418 622 617 702 reversuri,
653 622 894 688 continuarent.
949 619 1157 688 Potestateia
1184 621 1308 708 itaque

198 709 249 776 eis
270 709 407 776 tradidit
428 726 628 794 perennem,
658 711 771 792 utpote
800 705 835 770 in
861 705 1005 772 salutem
1038 703 1139 770 totius
1173 703 1307 774 humani

197 795 337 882 generis
359 793 483 872 datan,
505 798 645 878 peccata
665 788 866 870 dimittendi,
889 788 1072 858 doctrinam
1092 786 1212 854 salotis
1234 809 1307 856 oin·

198 877 297 944 nibus
329 875 515 947 hominibus
551 873 789 950 annuntiandi,
826 873 973 940 remedia
1007 869 1151 946 salutis,
1184 873 1306 957 quibas

127 994 135 1007 ·
197 963 312 1047 gratia
346 961 459 1028 diviua
489 958 532 1026 ad
562 957 707 1024 infirmas
739 957 922 1024 colummis
950 963 1087 1022 nostrae
1116 957 1207 1022 vires
1236 956 1305 1024 erl-

198 1041 332 1131 gendus
355 1053 390 1112 ct
409 1041 647 1110 confortandas
670 1041 743 1106 ilco
766 1041 965 1128 disponente
986 1058 1119 1108 annexa
1141 1048 1215 1122 est,
1240 1041 1305 1110 ad·¹
1426 1085 1427 1098 ,

197 1125 239 1194 iii·
266 1129 426 1200 istrandi,
458 1135 493 1194 ct
520 1134 647 1194 coctum
677 1124 820 1192 fidetium
847 1125 946 1212 plena
973 1129 1141 1212 potestate
1162 1125 1306 1210 regendi

197 1233 230 1278 ai
264 1213 384 1300 ,dinem
408 1211 485 1278 fidoi
505 1218 660 1286 nostrae,
686 1210 830 1276 salutem
853 1205 1054 1276 animarum“
1078 1201 1133 1298 (l.
1158 1207 1248 1274 Patr.
1274 1213 1305 1290 l,

200 1291 271 1380 9,).
314 1296 439 1366 lisdem
462 1314 569 1380 porro,
591 1294 711 1380 qiiibas
732 1293 817 1360 adeo
837 1293 1008 1382 insignem
1029 1291 1168 1359 contulit
1188 1299 1306 1379 potes·
1427 1349 1428 1390 ,

172 1385 174 1390 ’
199 1385 302 1446 tatem
324 1380 357 1446 in
379 1399 486 1464 regno
508 1398 569 1446 sao
590 1379 752 1454 terrestri,
776 1384 813 1444 ut
834 1377 927 1446 nulla
946 1376 1141 1456 auctoritas,
1163 1375 1306 1444 homini„

127 1462 134 1475 “
197 1465 260 1530 lius
282 1483 303 1531 a
325 1463 398 1530 tleo
421 1463 515 1544 data,
537 1461 804 1528 Ecclesiasticae
827 1461 1003 1550 aequanda
1023 1461 1078 1538 sit,
1100 1461 1200 1528 etiam
1221 1461 1306 1544 spi-

197 1547 293 1614 ritum
321 1545 1050 1713 ⁸⁸9⁰²⁰mo⁸diffipffr5ff⁰¹i¹i¹ss¹⁰2r''i“'s'ss'ssn‘e'i
1068 1541 1305 1700 ampsagam-

197 1651 466 1815 sapgpffiisigffis
487 1650 602 1782 tantae
623 1651 801 1800 potesgitis
829 1651 923 1781 verep
938 1714 1072 1780 diuinae
1094 1733 1177 1780 onas
1192 1675 1305 1800 ⁴inipu-

198 1801 344 1874 soisset,
371 1807 406 1868 at
427 1820 488 1869 eos
511 1797 634 1868 blande
656 1798 886 1868 consolaretur
906 1817 1033 1895 eosque
1056 1799 1198 1865 animum
1220 1799 1306 1866 sorte
1428 1837 1429 1866 l

198 1883 448 1970 despondentes
477 1885 627 1970 erigeret
653 1883 685 1950 iu
709 1881 883 1965 fiduciam,
914 1889 1027 1948 statim
1048 1881 1191 1966 adjecit:
1233 1882 1306 1968 „Et

197 1987 279 2034 cccc
308 1987 377 2053 ego
404 1969 575 2035 comacum
609 1988 682 2034 sum
712 1968 864 2034 omiiitrus
890 1965 1010 2034 dietas
1032 1985 1138 2054 osque
1158 1965 1203 2034 ad
1223 1986 1308 2034 cou-

199 2055 452 2119 summatlouem
474 2048 630 2116 sacculi“
659 2045 790 2138 [Matio.
810 2051 875 2133 28,
906 2045 996 2136 20.)
1050 2049 1097 2116 Et
1116 2050 1168 2118 sic
1188 2069 1210 2116 a
1229 2047 1306 2118 Deo

197 2136 377 2201 constituta
406 2141 460 2201 est
481 2133 656 2214 Ecclesia,
684 2153 769 2220 ipuac
797 2141 899 2201 totam
921 2131 1152 2202 Redemtionis
1178 2154 1262 2218 opus
1283 2154 1308 2200 a
1428 2201 1429 2204 ,

197 2217 333 2284 Christo
355 2219 541 2304 incoeptum
564 2223 640 2304 post
660 2219 733 2301 ejas
755 2219 987 2286 ascensionem
1008 2217 1049 2286 ad
1064 2219 1195 2286 Patrem
1217 2219 1307 2284 omni
1428 2227 1429 2252 l

197 2321 241 2368 ex
256 2309 359 2452 parte
382 2302 603 2381 continuaret,
624 2321 739 2370 omues
761 2310 886 2392 gentes
907 2302 941 2368 in
964 2322 1105 2394 reguum
1128 2323 1149 2370 a
1171 2302 1307 2370 Christo

197 2385 357 2556 fflllcaret,
379 2471 423 2537 ad
445 2472 507 2537 hoc
529 2480 596 2537 tani
618 2470 750 2558 grande
771 2491 890 2539 muniis
910 2472 1033 2538 amillio
1050 2471 1198 2556 Spiritus
1212 2470 1308 2538 San-

196 2556 397 2714 woeffir
418 2556 589 2644 praesenti
609 2557 751 2638 munita,
777 2563 813 2624 ct
832 2557 940 2644 ipsios
962 2555 1088 2626 Christi
1110 2556 1304 2644 praeseutia

701 2791 740 2884 S·
770 2807 802 2874 r.

590 2943 792 3032 Principium
809 2945 908 3030 fidei.

281 3109 362 3179 Cum
384 3129 467 3200 crgo
490 3109 640 3196 ejusdcm
661 3113 707 3180 sit
727 3133 779 3180 am
805 3113 955 3182 titudinis
976 3135 1093 3187 muniis
1115 3115 1307 3196 Ecclesiae,

198 3202 345 3284 qiiaotac
376 3197 481 3282 ipsam
512 3203 567 3294 est
605 3217 688 3284 opus
723 3137 974 3281 assumtionis,
1014 3201 1144 3267 nonnisi
1177 3207 1308 3286 partem

197 3279 346 3380 ejusdem
378 3283 548 3380 constituit
577 3281 754 3349 Ecclesiae
784 3301 900 3352 muniis
933 3284 1094 3362 docendi,
1115 3291 1151 3351 et
1179 3283 1308 3352 Christi

196 3365 380 3465 doctrinam
401 3386 513 3464 puram
533 3372 765 3464 integramque
787 3367 1021 3470 conservandi,
1042 3388 1182 3468 caroque
1204 3369 1309 3466 tatem

196 3450 956 3633 tltttrttl'ttltlttlnilttttllt·
982 3453 1202 3614 „titiant
1222 3451 1308 3603 {tl

196 3617 282 3714 lianc
312 3637 504 3717 praecipue·
520 3639 553 3684 iii
583 3618 679 3718 duem
702 3620 809 3717 cidem
837 3621 939 3720 (puerit
959 3621 1157 3707 promissum
1179 3615 1308 3719 m),

195 3702 360 3800 simulque
386 3709 524 3770 attentis
551 3702 715 3802 hominnm
736 3725 901 3803 ingeniis,
928 3725 962 3773 in
985 3709 1085 3774 rebus
1109 3711 1308 3794 pracsertim

195 3786 390 3873 religionis,
412 3788 512 3874 plane
534 3805 760 3858 necessarium
783 3791 848 3859 dici
870 3797 983 3880 queat.

199 3960 408 3976 n*

246 4047 275 4115 ³¹)
291 4057 355 4107 toti.
380 4052 422 4120 it,
443 4057 559 4111 'tn-18.
579 4060 624 4116 26.
664 4061 705 4124 to,
725 4061 769 4115 ao·
809 4061 968 4124 toa-15.

233 4145 279 4218 ⁰)
298 4157 361 4205 aci.
381 4157 435 4218 rip.
454 4156 482 4218 a,
505 4155 581 4208 1-t.

214 4246 274 4314 *Ei
292 4253 354 4308 ton.
378 4249 419 4316 it,
440 4251 485 4306 ao.
517 4254 578 4304 ron.
603 4253 643 4314 io,
662 4253 777 4310 ao--aa
799 4252 840 4318 io,
862 4255 976 4310 ia-io.

280 2392 369 2454 ataui
398 2390 644 2476 congregaret,
672 2387 781 2471 iisque
809 2385 1061 2456 ltedemtlonem
1087 2385 1212 2454 Christi
1241 2406 1306 2472 ap·
1429 2433 1430 2440 i
