2948 4662
726 555 762 648 1.
780 575 831 638 aa.

229 712 281 778 ii.
308 711 343 778 S.
369 712 529 794 Cypriani
557 710 731 773 'Fructulus
753 711 899 782 morarios,
922 711 977 792 pai
1000 708 1039 770 ud
1073 709 1217 772 cartennis
1251 709 1340 770 rdine

508 799 574 876 ep'oo
596 795 848 857 circiumrtauit't'r
871 795 1057 874 (deprecationi.

313 961 457 1046 Reliqua
478 958 517 1027 S.
541 960 700 1046 Cypriani
712 957 824 1044 Opera
846 960 903 1025 vel
925 958 967 1024 ad
993 958 1201 1043 disciplinam
1217 956 1338 1023 Eccle-

229 1048 303 1114 siae
325 1046 380 1112 vei
409 1044 451 1110 ad
481 1064 589 1112 mores
621 1045 764 1110 hdeiium
798 1045 977 1128 praecipue
1003 1050 1168 1128 spectant.
1214 1041 1338 1106 Horum

229 1129 393 1217 quaedam
415 1128 530 1195 intime
559 1128 740 1194 cohaerent
774 1148 845 1194 cum
874 1127 966 1194 vitae
996 1126 1270 1202 circumstantiis,
1304 1127 1337 1190 in

232 1215 352 1302 thus
373 1212 525 1301 degebat
546 1210 585 1279 S.
608 1211 808 1298 Cyprianus,
830 1212 924 1295 eujus
947 1212 1084 1298 generis
1105 1217 1201 1276 sunt:

296 1333 340 1428 1)
363 1323 486 1400 Libet·
511 1325 559 1400 de
586 1325 708 1424 lapsis
729 1342 781 1418 *),
808 1340 953 1424 scriptus
976 1342 1088 1406 statim
1117 1345 1192 1425 post
1219 1358 1338 1488 perse-

356 1427 516 1492 cutionem
540 1424 653 1506 Decii,
680 1431 856 1521 antequam
879 1422 1028 1490 Conciiia
1053 1425 1197 1490 fuissent
1248 1425 1338 1488 ahita

358 1509 402 1576 de
425 1527 529 1576 eausa
550 1527 674 1590 corum,
696 1529 750 1595 qur
771 1509 804 1573 in
827 1506 891 1574 hac
902 1510 1141 1655 ⁸perseeutione
1157 1508 1243 1592 lapsi
1262 1508 1338 1573 irre·

320 1628 323 1636 ‹
356 1600 442 1660 rant.
484 1593 535 1659 lbi
559 1599 634 1678 post
660 1594 814 1678 insignes
843 1592 897 1656 iau

356 1679 500 1765 gloriam
522 1675 778 1754 Confessorum,
812 1677 958 1741 intimum
981 1677 1079 1740 ammi
1102 1676 1248 1740 dolorem
1276 1695 1337 1740 ex-

355 1761 466 1912 primit
487 1761 528 1826 oh
551 1780 707 1848 magnum
731 1761 895 1846 lapsorum
918 1779 1106 1831 numerum:
1124 1761 1200 1826 dein
1223 1767 1339 1825 tantae

381 1847 453 1930 ujus
489 1847 620 1931 stragis
654 1865 776 1912 causas
815 1844 958 1925 indicat,
994 1845 1134 1910 sceleris
1170 1843 1337 1908 commissi

357 1929 560 2017 gravitatem
583 1930 624 1993 oh
647 1930 764 1995 oculos
787 1930 887 2015 ponit,
909 1948 1030 1995 severe
1053 1930 1202 2026 increpat
1222 1929 1338 2025 lapsos

924 1613 977 1673 cs,
1007 1593 1125 1691 quihus
1153 1593 1338 1658 celebrauit

358 2015 415 2100 qui
438 2013 684 2098 importunitate
708 2013 847 2080 reditum
870 2013 902 2078 in
916 2012 1104 2078 Eceicsiarn
1127 2012 1190 2076 sthi
1208 2029 1338 2097 apcnre

336 2096 553 2173 studebant,
575 2104 610 2163 et
632 2099 785 2195 graviter
807 2097 1016 2182 conqueritur
1044 2097 1087 2162 de
1120 2095 1338 2192 preshyteris,

359 2182 413 2265 qui
436 2181 535 2246 nimia
556 2179 719 2247 iacihtute
743 2183 858 2266 lapsos
880 2181 1100 2264 recipiebant:
1125 2200 1216 2266 ipsos
1243 2179 1339 2244 deni·

359 2283 423 2350 que
445 2265 580 2352 lapsos,
614 2267 668 2350 qui
691 2266 824 2331 iiheiios
856 2263 1158 2331 aCooiessorihus
1194 2281 1339 2348 accepe-

360 2355 446 2431 rant,
469 2349 739 2436 adagnitionem
761 2348 1002 2434 magnitudinis
1025 2348 1169 2415 oriminis
1192 2347 1340 2425 admissi,

360 2431 404 2498 ad
427 2434 636 2519 patientiam,
664 2434 939 2510 moderationem,
972 2440 1007 2500 et
1028 2434 1165 2521 longam
1188 2433 1339 2517 plenaru-

360 2536 425 2616 qne
447 2519 702 2605 poenitentiam,
726 2517 769 2583 ad
791 2518 1035 2584 confessionem
1058 2523 1158 2604 utque
1179 2515 1340 2582 sutisiuo·
1456 2583 1457 2596 ,

358 2607 481 2668 tionem
503 2603 621 2670 sedulo
644 2599 803 2667 hortatur.

295 2724 341 2815 2)
364 2713 483 2793 Liber
509 2717 556 2792 do
588 2713 742 2791 Uniiute
769 2713 968 2790 Ecclesiae
993 2732 1047 2807 ι’)
1086 2735 1169 2805 (seu
1192 2728 1235 2795 (ιθ
1256 2727 1340 2794 sam.

358 2817 508 2902 piieitute
530 2815 772 2892 Praelotorum)
795 2816 873 2892 aas)
902 2816 1047 2899 scriptus
1069 2821 1140 2892 est,
1167 2833 1237 2879 cum
1265 2813 1339 2877 No-

358 2903 484 2968 vatiani
506 2901 628 2966 stodiis
649 2899 682 2964 in
706 2900 863 2966 Ecclesia
886 2900 1035 2965 Romana
1061 2897 1210 2964 schisma
1238 2896 1338 2962 ohor-

358 2992 427 3050 tum
447 2991 542 3052 esset
564 2992 598 3050 et
620 3003 699 3070 pars
721 2985 959 3052 Coniessorum
983 2982 1092 3049 eidem
1119 2981 1340 3068 adhaereret3

237 3185 446 3201 *-

285 3317 316 3383 *)
334 3324 375 3374 De
394 3326 445 3374 hoo
463 3326 554 3386 opere
574 3328 680 3386 ipses.
700 3326 857 3386 Cyprianus
876 3337 921 3386 ep.
941 3325 985 3375 ht.
1017 3327 1095 3375 iiont.
1116 3339 1144 3376 n·
1164 3325 1191 3378 t·
1228 3325 1257 3370 ii.
1283 3323 1342 3370 Aii-

337 3398 443 3456 gustin.
463 3407 506 3455 op.
525 3393 570 3444 98.
590 3408 618 3442 ιι.
636 3392 665 3444 3.
702 3395 742 3445 De
761 3397 813 3444 hue
832 3400 861 3444 et
885 3397 1015 3454 operibus
1035 3407 1061 3444 n.
1081 3395 1125 3446 35.
1162 3397 1236 3442 idern
1255 3393 1340 3448 iiber,

339 3465 564 3526 quemadmodum
583 3465 640 3511 aii.
648 3465 803 3524 Augustino
824 3466 843 3515 Ι.
863 3477 887 3515 e.
898 3461 1041 3528 Epistola,
1061 3470 1100 3515 ito
1116 3465 1150 3514 oh
1169 3463 1235 3512 aitis
1253 3464 1339 3508 ettam

339 3537 452 3582 vocatur
463 3535 563 3582 Sermo
581 3531 616 3581 de
629 3532 731 3595 tupris.
751 3535 912 3584 Generatim
931 3534 976 3584 hio
995 3537 1081 3584 notari
1101 3537 1232 3590 meretur,
1250 3529 1344 3579 libros

338 3606 368 3649 et
386 3607 521 3649 tractatus
537 3603 637 3651 abhinc
653 3609 803 3666 sequentes
821 3615 958 3666 uunquam
978 3617 1031 3654 non
1050 3603 1270 3662 assummum
1288 3611 1342 3661 ap-

338 3670 439 3730 pellari
459 3673 601 3731 epistolas,
619 3674 654 3721 oh
673 3685 768 3723 corum
788 3677 899 3724 sormam
920 3681 1072 3732 externam,
1086 3683 1119 3726 to
1138 3672 1209 3734 quod
1228 3668 1343 3719 scilicet

339 3739 375 3787 ad
395 3749 477 3788 unum
497 3742 627 3802 pluresve
646 3739 728 3807 dirigi
750 3747 955 3795 consueverint.

267 3831 318 3896 iiii)
336 3829 426 3898 Hujus
450 3835 517 3887 iibri
542 3841 600 3897 ipsc
624 3841 653 3889 8.
673 3840 830 3904 cyprianus
856 3843 982 3892 meminit
1006 3842 1034 3890 in
1060 3851 1104 3900 ep.
1125 3837 1169 3889 51.
1195 3837 1243 3888 flu.
1263 3844 1293 3887 et
1310 3838 1339 3886 S.

336 3907 452 3955 Pontius
477 3910 503 3957 iu
523 3908 590 3958 Vita
615 3913 644 3958 S.
663 3911 794 3974 cypriani
820 3923 849 3963 n.
875 3914 901 3966 7.
926 3915 991 3962 item
1019 3912 1049 3961 Β.
1069 3910 1217 3972 Augustin-
1243 3911 1339 3958 econtra

336 3974 466 4028 crescon.
492 3977 544 4027 iih.
563 3977 591 4028 2.
617 3992 644 4028 ιι.
662 3976 707 4032 ta.
735 3986 764 4030 et
788 3993 833 4044 cp.
855 3981 914 4034 108.
943 3995 971 4032 ιι.
990 3977 1018 4031 9.
1046 3979 1084 4028 oi.
1104 3982 1134 4028 8.
1153 3978 1337 4041 chrysostom.

336 4047 439 4097 Hamil.
459 4048 508 4100 11.
529 4052 557 4098 in
577 4048 665 4110 Epist.
683 4053 717 4101 ad
736 4051 836 4114 Ephes.
856 4064 887 4102 ιι.
905 4049 933 4103 h·
951 4051 1056 4108 (Mi.
1076 4061 1104 4113 p.
1117 4047 1177 4104 86).

249 4137 395 4206 ***)lioo
413 4145 495 4196 tituto
513 4147 688 4210 alingetuna
706 4149 735 4196 S·
755 4148 903 4210 Fuigentio
923 4149 962 4198 [te
981 4152 1092 4199 remiss·
1112 4147 1219 4210 peccat
1240 4145 1292 4194 111).
1313 4143 1336 4191 1.

331 4213 537 4336 ῗὲνξιᾱῖωιῖιῗιιιξ
551 4219 726 4336 timemini?
743 4219 825 4267 etiam
844 4217 1026 4282 editionibus,
1039 4229 1084 4267 ex.
1100 4230 1144 4280 gr·
1154 4217 1259 4267 Erasni
1271 4213 1338 4264 itot-
