2944 4652
214 297 277 364 tat

219 466 349 538 ruerat,
385 473 460 526 cum
482 457 678 526 Eustathius
702 459 772 541 jam
811 457 930 524 multos
960 458 996 522 iu
1021 457 1126 525 Ponto
1162 457 1326 524 aBasilii
1439 499 1440 506 κ

216 543 444 612 communione
467 543 710 618 abstraxisset,
733 541 1008 622 metuendumuue
1029 551 1143 618 esset,
1167 560 1209 607 oe
1230 545 1325 625 ejus-
1439 607 1440 623 χ

217 629 306 696 modi
329 634 421 696 artes
442 627 620 694 vaferrimo
640 626 778 714 iugenio
801 627 901 694 etism
924 626 999 694 aliis
1030 627 1062 694 io
1079 626 1176 692 loris
1203 647 1325 694 sucee-

218 711 354 794 derent,
384 713 591 778 necessitate
620 710 1003 777 adactus'iunocentiam
1026 730 1120 776 suam
1141 718 1177 776 et
1198 709 1326 778 adrer-

215 798 376 864 sariorum
399 797 637 881 improbitatem
660 795 691 859 in
717 794 901 860 clarissima
928 795 1004 860 luce
1027 801 1060 860 et
1079 796 1221 860 omnium
1241 813 1325 860 ocu·

217 882 260 946 lis
290 898 460 962 exponere
500 899 692 968 aggressus
721 885 784 944 est.
840 877 987 964 Scripsit
1012 879 1124 964 itaque
1157 876 1326 947 aduersus

215 965 426 1032 Eustathium
449 960 646 1050 epistolam,
664 961 713 1028 ad
736 961 902 1049 plurimas
916 961 1082 1029 ecciesiae
1104 964 1260 1040 missam,
1290 972 1326 1028 et

217 1050 317 1116 aliam
341 1049 385 1114 ad
408 1047 587 1115 monachos
616 1067 714 1122 suos,
743 1047 917 1133 inquibus
949 1067 1033 1112 suae
1062 1066 1134 1113 rum
1163 1046 1219 1114 illo
1242 1064 1326 1114 cou-

74 1155 82 1164 ·
211 1133 394 1217 junctionis
417 1132 578 1222 originem
600 1131 738 1216 repetit,
772 1132 894 1198 violata
923 1129 1089 1197 amicitiae
1111 1132 1189 1214 jura
1212 1133 1326 1215 queri·

216 1225 291 1298 tur,
311 1216 407 1284 fictas
430 1222 465 1283 et
479 1217 602 1286 ,inanes
624 1215 813 1280 inimicitiae
835 1233 957 1296 causus
981 1215 1116 1295 refellit,
1139 1233 1180 1280 ac
1203 1217 1326 1281 certis·

215 1301 332 1367 simam
366 1302 463 1384 bolus
491 1301 541 1366 rei
570 1317 705 1366 causam
727 1317 808 1364 esse
830 1299 1036 1366 demonstrat
1059 1298 1225 1366 Eustathii
1248 1309 1326 1364 stn-

216 1385 303 1450 dium
324 1387 458 1474 gratiae
479 1383 566 1470 apud
589 1383 778 1449 haereticos
800 1383 967 1476 ineundae
988 1384 1033 1464 ⁴).
1073 1381 1188 1465 -Qnum
1217 1402 1259 1449 cx
1282 1403 1326 1450 eo

213 1474 361 1555 tempore
384 1467 533 1536 Basilius
556 1467 751 1545 Eustathio,
783 1474 898 1553 utpote
920 1486 993 1536 cum
1017 1465 1222 1536 adversariis
1246 1466 1326 1536 tidei

215 1573 301 1619 nunc
324 1554 433 1638 palam
456 1558 490 1620 et
511 1558 626 1636 operte
647 1553 833 1636 conjuncto,
849 1553 1106 1620 communionem
1129 1572 1223 1620 suam
1243 1570 1327 1618 con-

216 1643 346 1704 stanter
368 1637 572 1728 denegaret,
601 1655 642 1702 ea
668 1655 708 1702 ue
737 1636 860 1724 agendi
884 1633 967 1704 ratio
992 1637 1106 1702 amicis
1127 1635 1326 1721 quibusdam
1439 1623 1440 1680 l

214 1723 440 1788 communibus
463 1721 569 1788 minus
622 1739 656 1786 ro
681 1727 810 1802 aretur,
843 1719 992 1788 Basilius
1020 1721 1233 1808 grauissimis
1268 1743 1327 1786 ra·
1439 1779 1440 1786 ,

214 1807 338 1872 tionum
368 1807 542 1878 momentis
578 1741 666 1872 illam
700 1805 877 1896 vindicans
910 1813 1037 1884 mouet,
1069 1805 1203 1874 averitati
1242 1805 1325 1872 nibil

239 1889 482 1978 raeponendum
506 1909 595 1972 esse,
617 1895 719 1976 atque
741 1889 956 1974 demonstrat,
979 1895 1076 1988 quiam
1099 1893 1242 1975 injustae
1257 1891 1327 1956 siut

215 1911 385 2042 hastathii
416 1975 592 2064 querelae,
622 1992 718 2057 quam
747 1992 874 2064 graues
896 1975 1047 2060 iujuriae
1063 1981 1098 2042 et
1127 1975 1327 2052 cdumuiae,

216 2078 311 2144 qurum
334 2058 528 2126 inconstans
550 2057 694 2142 denique
717 2077 804 2123 urrne
826 2057 900 2129 buo.
917 2078 1002 2126 none
1024 2059 1082 2128 illa
1096 2057 1161 2128 hde
1176 2059 1327 2126 tenenda

216 2149 254 2210 et.
272 2141 538 2221 subscribenda,
568 2161 655 2207 urruc
685 2140 757 2220 his,
793 2162 878 2210 nune
908 2143 976 2210 illis
1007 2145 1156 2232 partibus
1189 2143 1327 2211 tuendis

216 2226 344 2292 animus
366 2227 472 2312 ipsius
495 2225 596 2292 fuerit
618 2224 682 2302 ”tt
712 2303 715 2313 ι

302 2339 379 2406 Alia
401 2358 517 2426 rursus
537 2336 728 2405 sollicitudo
751 2356 854 2406 uerae
876 2337 954 2408 hdei
973 2347 1054 2404 tune
1082 2342 1224 2408 maxime
1250 2343 1328 2422 ejus

215 2424 357 2492 animum
380 2423 563 2506 oocupauit.
607 2423 707 2504 Haud
731 2423 818 2489 levis
839 2423 962 2509 quippe
983 2424 1161 2492 animorum
1184 2432 1328 2490 conten·

215 2511 262 2574 tio
278 2511 349 2591 jam
371 2527 393 2574 a
415 2507 562 2593 pluribus
585 2509 700 2586 anuis,
721 2509 917 2592 praesertim
943 2508 1154 2582 Antiochiae,
1181 2527 1327 2576 exarse-

171 2641 174 2646 .
215 2601 278 2672 rut,
302 2601 408 2674 utrum
431 2592 474 2660 ad
507 2595 697 2678 mysterium
720 2591 788 2658 SS.
811 2593 985 2666 Trinitatis
1013 2601 1107 2662 reete
1135 2595 1328 2678 exprimen-

93 2725 97 2730 -
217 2678 293 2758 drrrn
316 2696 413 2754 unam
435 2678 467 2742 iu
491 2679 595 2743 tribus
617 2677 772 2765 personis
794 2676 993 2761 hypostasin
1016 2676 1129 2744 dicere
1142 2685 1327 2762 oporteret,

215 2765 258 2828 au
292 2764 325 2829 io
357 2781 424 2826 una
458 2763 609 2827 essentia
636 2769 706 2827 tres
727 2759 938 2845 hypostases
953 2761 1164 2828 eoufrtendae
1195 2770 1327 2828 essent.

215 2846 303 2912 lllud
328 2843 487 2910 Paulinus
511 2843 739 2912 antiochenus
762 2848 901 2930 eJusque
922 2849 1035 2922 amici,
1065 2846 1327 2914 1111811111·-

216 2931 283 3077 111ἱιιε
294 2931 450 3100 JeJusflue
476 2930 773 3003 communicatores
802 2930 1002 3009 asserebant
1029 2930 1123 3020 (vid.
1153 2949 1257 3016 sopra
1285 2915 1328 3006 S.

217 3097 304 3164 levis
326 3103 400 3164 erat
422 3096 586 3164 momenti.
615 3095 692 3160 'frea
713 3097 798 3165 enim
822 3097 1006 3182 hypostases
1027 3120 1086 3166 sus
1111 3099 1218 3168 irione
1239 3117 1328 3182 uua-

172 3231 189 3253 ,
217 3179 293 3266 dam
316 3182 532 3264 laborabant,
552 3197 593 3249 eo
615 3177 703 3267 quod
727 3182 827 3250 Arius
849 3181 926 3251 olim
948 3183 1067 3250 in-sua
1087 3121 1165 3250 huet
1189 3183 1328 3270 profes·

215 3267 311 3334 sione
333 3277 399 3331 tres
420 3267 613 3348 hypostases,
635 3273 756 3333 natura
778 3267 864 3333 inter
886 3286 926 3333 se
949 3266 1140 3348 distinctas,
1163 3285 1327 3334 asserue-

216 3359 288 3433 rat,
329 3349 502 3436 hypostasi
542 3349 731 3438 designans
769 3351 990 3418 substantiam
1030 3371 1091 3419 seu
1131 3352 1328 3419 essentiam.

118 3473 124 3490 =
217 3437 305 3502 Hinc
327 3439 381 3521 qui
403 3443 473 3501 tres
494 3433 697 3520 hypostases
720 3435 958 3518 defendebant,
973 3439 1073 3520 juxta
1093 3455 1230 3504 sensum
1252 3437 1330 3503 arii

219 3527 289 3587 tres
312 3520 394 3586 deos
417 3519 592 3587 admittere
614 3519 814 3586 videbantur
836 3521 917 3596 111).
969 3522 1068 3585 liuius
1089 3528 1200 3588 autem
1221 3521 1261 3602 hp
1274 3544 1330 3580 ›o-

217 3605 313 3670 rtorir
335 3603 534 3691 professioni
556 3603 703 3689 suspicio
726 3603 977 3692 sabellianismi
1005 3604 1212 3673 inhaerebat.
1254 3543 1330 3668 ga·

218 3688 341 3754 bellios
363 3690 449 3755 enirn
471 3709 570 3766 uuum
593 3707 731 3774 prorsus
752 3688 926 3773 hypostasi
949 3689 1056 3791 Deum
1077 3709 1158 3757 esse
1183 3695 1331 3756 conten-

296 3869 299 3878 ι

220 3889 426 3906 ᾗ
441 3890 443 3899 ¹

268 3995 299 4061 11)
319 3997 348 4051 8.
369 4005 453 4052 Basti.
479 4015 523 4063 ep.
544 3999 604 4052 223.
626 4003 655 4050 et
674 3999 735 4052 226.
756 4001 794 4050 et.
815 4003 897 4052 ettam
916 4017 960 4066 ep·
980 4001 1042 4058 221.
1064 4005 1130 4058 ttear
1149 4017 1193 4067 ep.
1214 4001 1266 4056 2³⁷
1297 4017 1331 4054 m.

323 4072 349 4136 2,
368 4081 411 4131 ep·
431 4069 492 4122 214.
513 4085 540 4120 n.
560 4070 586 4121 7.
606 4082 650 4133 ep.
669 4071 729 4123 251.
750 4084 777 4123 n.
795 4071 876 4124 2-3.

252 4139 307 4222 hh)
321 4162 450 4218 ·S.ltastt.
471 4153 516 4230 ep.
537 4164 599 4222 211.
619 4165 680 4222 att.
703 4173 730 4222 et
748 4167 811 4222 250.
831 4170 870 4219 ef.
890 4183 932 4232 op.
950 4135 1014 4224 att.

226 4255 301 4320 sua)
321 4257 350 4314 S.
370 4265 452 4314 brasil.
475 4277 520 4328 ep.
542 4255 603 4318 131.
623 4281 652 4319 η.
672 4267 696 4318 2.
717 4279 761 4330 ep·
785 4263 843 4318 189.
864 4279 891 4318 n·
911 4268 938 4320 2.

413 3030 474 3078 aee
509 3019 619 3080 autern
653 3011 695 3078 de
716 3011 955 3097 hypostasibus
976 3016 1207 3081 controuersia
1233 3013 1336 3082 baud·
1439 3087 1440 3100 χ
