2886 4660
115 491 231 558 riuave
254 487 456 556 auctoritate
478 495 595 556 contro
615 487 791 558 Ecclesiae
813 489 949 559 sensum
978 497 1036 560 aut
1056 493 1227 566 Pontidcis

115 574 259 642 Romani
282 573 561 641 Constitutionem
583 575 745 642 aluntur.
770 577 804 655 ⁴)
830 615 872 629 -
915 577 1058 644 Proinde
1080 581 1137 666 qui
1160 582 1227 650 Pa-

113 668 199 727 trum
221 656 472 736 auctoritatum,
503 657 775 744 quemadmodum
809 659 992 741 condecet,
1024 681 1066 729 ex
1089 664 1227 734 uuiver-

113 745 179 810 sali
209 740 391 810 Ecclesiae
420 741 487 808 fide
514 743 667 822 metitur,
697 743 743 808 ita
770 743 878 809 animo
907 753 1115 831 comparatas
1147 767 1227 818 esse

114 829 238 904 dener,
266 832 304 892 ut
354 824 473 891 erinde
500 826 584 892 velit
605 827 657 894 sin
686 828 761 893 ulos
780 827 958 896 Ecclesiae
980 835 1226 902 consentientes

114 912 227 999 sequi,
247 928 330 977 aea
362 908 517 976 Ecclesia
538 909 625 977 forte
671 910 853 980 insidentes
877 911 1044 981 deserere.
1078 915 1227 987 Undesi

118 996 252 1082 quando
272 993 420 1061 Sanctus
441 992 562 1080 aliquis
582 992 684 1062 Pater
705 995 876 1062 doctrinae
904 998 958 1065 vel
987 999 1081 1084 praxi
1102 1001 1226 1070 Eccle-

116 1083 193 1146 siae
223 1079 396 1148 adversari
421 1077 630 1158 inveniatur,
663 1079 719 1144 vel
748 1082 822 1164 ejus
850 1083 975 1159 veroa,
1008 1082 1227 1170 inquantum

116 1161 190 1230 lieri
211 1168 325 1250 potest
345 1164 474 1250 absque
495 1162 530 1228 vi
552 1161 670 1230 iisdem
690 1162 804 1247 illata,
824 1164 922 1248 juxta
943 1184 1081 1234 sensum
1103 1168 1227 1238 necle-

115 1247 189 1315 siae
222 1245 400 1331 benignius
431 1246 643 1331 interpretari
664 1255 815 1332 oportet,
836 1251 890 1330 ¹⁴)
926 1251 982 1318 vel
1011 1251 1066 1317 ubi
1092 1252 1126 1318 id
1155 1253 1226 1321 lieri

114 1332 249 1399 minime
269 1337 398 1418 potest,
427 1330 573 1418 ingenue
595 1329 763 1398 latendum
785 1332 866 1414 erit,
896 1334 1030 1402 Patrem
1059 1333 1147 1403 bunc
1168 1339 1225 1404 vel

116 1417 217 1484 iatum
240 1433 399 1494 errasse,
421 1414 685 1500 quandoquidem
708 1415 800 1486 lleos
821 1416 854 1482 in
876 1418 959 1485 solis
982 1418 1106 1487 divinis
1126 1422 1225 1489 volu·

114 1500 258 1568 minibus
279 1499 366 1567 banc
386 1499 500 1565 inesse
522 1499 715 1566 felicitatem
736 1501 849 1579 voluit,
871 1508 907 1568 nt
927 1501 1016 1569 nullo
1030 1504 1129 1588 plane
1152 1505 1225 1572 ioe-

114 1583 276 1652 darentar
294 1601 418 1650 errore.
443 1585 522 1733 “g
583 1583 649 1650 Vix
669 1586 784 1682 itaque
804 1584 918 1652 melior
939 1587 1081 1654 inveniri
1104 1591 1226 1675 poterit

113 1669 256 1818 requio.
283 1687 379 1752 onam
408 1665 467 1734 illa
524 1713 532 1730 .
558 1669 735 1755 Augustini
766 1669 874 1758 quoad
901 1670 1130 1740 auctoritatem
1149 1674 1223 1740 sin·

115 1771 166 1838 gn
180 1773 271 1820 orum
293 1754 448 1820 Petrum:
493 1747 609 1836 „Quae
630 1771 713 1820 vera
735 1771 813 1820 esse
860 1757 1067 1839 crapacorio,
1089 1762 1168 1823 tene
1189 1765 1224 1824 et

95 1837 297 1921 ¹Ecclesiae
317 1833 512 1905 Catholicae
533 1835 660 1915 tribues
688 1854 774 1922 qnae
800 1773 909 1917 sassa,
937 1857 1058 1924 respue
1079 1847 1114 1904 et
1135 1840 1224 1921 milri,

118 1922 176 2010 qui
205 1921 300 1987 bomo
327 1939 422 2001 aum,
444 1919 602 2005 ignosce3
636 1939 722 2006 quac
744 1918 865 1999 dubia,
892 1920 1011 2000 crede,
1039 1922 1145 1990 donec
1166 1931 1224 1990 aot

114 2004 1117 2176 :allii‘uicti“tl‘ltciililcilciillm

429 2134 441 2169 ‚
929 2136 938 2156 .

612 2269 648 2364 S.
674 2287 725 2354 ιε.

149 2430 245 2495 Varii
267 2429 387 2513 gradus
407 2428 617 2493 auctoritatis
637 2429 836 2513 rirrgulormn
857 2427 1028 2494 lt'cclett'ue
1052 2431 1193 2499 Petrum.

204 2595 389 2682 Hucusque
424 2595 619 2681 disputatum
663 2593 723 2660 init
761 2593 804 2659 de
845 2594 1050 2681 singolorum
1086 2596 1221 2663 Patron

115 2680 336 2752 anctoritate,
394 2697 453 2746 uae
487 2678 605 2745 iisdem
634 2679 799 2744 accrescit
825 2695 884 2762 per
916 2677 1110 2763 generalem
1144 2687 1221 2746 tan-

114 2761 281 2832 tummodo
309 2698 485 2830 acriusne
518 2762 788 2850 approbationem
822 2761 970 2860 omnibus
999 2781 1220 2854 communem3

113 2855 148 2915 at
170 2847 349 2915 discrimen
370 2855 547 2934 praeterea
569 2849 671 2913 oritur
692 2847 824 2930 majoris
841 2847 1022 2914 minorisve
1039 2850 1221 2916 auctorita-

113 2934 157 3000 tis
177 2933 386 3020 siugulorum
407 2952 451 2998 ex
472 2932 611 3018 speciali
632 2930 809 2998 Ecclesiae
829 2931 1064 3016 approbatione
1087 2940 1123 2999 et
1147 2935 1220 3000 sin-

36 3070 42 3082 .
113 3017 290 3105 galeribus
319 3017 515 3102 quibusdam
542 3017 620 3082 aliia
647 3017 918 3094 circumstantiis,
941 3034 1028 3103 quae
1048 3036 1136 3084 nunc
1157 3037 1220 3084 ex-

114 3100 314 3188 pendendae
334 3102 482 3169 veniunt.
527 3095 771 3186 „Periculosum
793 3098 923 3185 quidem
945 3106 1017 3181 est,
1045 3100 1088 3168 de
1110 3103 1221 3190 magi-

169 3365 197 3426 ‘l
216 3369 260 3421 cl.
278 3372 426 3436 Decretum
444 3372 572 3424 Gratiani
587 3373 662 3423 lltat·
680 3370 727 3424 2⁰.

145 3461 193 3532 ”)
212 3469 242 3519 8.
263 3469 399 3532 Babraem
415 3471 607 3523 antioclienus
624 3482 669 3533 ap·
688 3469 811 3520 l’botlom
829 3467 896 3520 cod·
914 3462 967 3518 229
987 3459 1032 3527 (ιι.
1050 3433 1220 3530 ddi-dd.)

218 3543 249 3589 et
266 3541 389 3592 Facnnd·
408 3543 501 3592 llerm.
520 3541 635 3592 netem·
654 3542 738 3590 trium
757 3538 878 3602 Capitol.
899 3539 917 3588 Ι.
940 3537 982 3587 m.
1007 3547 1033 3586 c·
1055 3536 1079 3586 l.
1099 3535 1127 3587 2.
1146 3539 1175 3587 et
1190 3535 1220 3589 3.

124 3633 198 3700 Μ)
217 3637 247 3687 Β.
269 3640 417 3700 nuguatlu.
436 3643 533 3691 contra
550 3641 681 3690 mustum
694 3638 823 3688 'Manlau
843 3637 864 3685 l.
887 3637 929 3686 tt·
949 3645 974 3684 c·
997 3632 1024 3685 ⁵.
1048 3646 1092 3697 ep·
1119 3633 1164 3687 82.
1190 3649 1220 3688 ιι.

216 3707 319 3840 bila
334 3707 826 3843 ilecainlrittlolil⁵02
839 3705 1220 3828 cF‘altl'tl‘iltdt

218 3850 408 3912 investigandi
433 3855 462 3900 et
487 3851 596 3900 notandi
623 3851 744 3900 studium
770 3851 856 3896 artem
880 3843 1008 3895 criticam
1036 3852 1113 3897 vocat
1132 3849 1162 3898 b·
1183 3851 1218 3898 Α.

219 3919 369 3983 muratori,
398 3931 460 3972 eam
484 3920 567 3970 valde
591 3919 764 3970 commendat
783 3918 914 3980 legesque
933 3919 962 3966 iu
981 3927 1015 3964 ea
1032 3919 1221 3967 observandus

217 3990 305 4038 tradit
330 3993 359 4040 ln
384 3991 477 4052 opera
504 3992 538 4038 de
563 3990 741 4050 laaenlorurn
765 3989 952 4038 moderatione
979 3986 1029 4036 llb.
1049 3987 1098 4036 lll.
1123 3999 1149 4036 o.
1178 3984 1219 4036 tt.

217 4057 279 4108 Neo
296 4062 429 4110 mlnrrram
448 4061 501 4111 luae
519 4062 548 4110 ln
565 4065 626 4110 arte
650 4061 808 4109 exercenda
833 4059 1021 4107 reverentiam
1049 4056 1171 4106 inculcat
1190 4057 1220 4102 8.
1343 4087 1347 4094 -

217 4127 386 4180 vincentios
412 4132 501 4180 Lirin·
528 4133 556 4180 ln
577 4128 772 4180 commonitor·
798 4139 824 4176 o.
844 4127 871 4179 7.
918 4125 963 4176 ci.
982 4125 1065 4176 cred·
1084 4125 1222 4174 icomaalt

220 4197 362 4250 indiculus
379 4202 430 4250 rub
450 4201 500 4250 lv.

161 4287 195 4356 i)
217 4295 249 4344 8.
268 4297 416 4358 Αιιςιιιιιιι.
436 4298 471 4348 da
490 4307 558 4347 ocra
575 4297 724 4362 religione·
743 4307 772 4344 u·
792 4290 836 4344 to.
