2886 4660
1208 357 1266 424 tat

142 523 332 590 Ecclesiae
355 521 488 590 tertium
511 539 575 587 non
598 521 821 598 inueniuntur,
836 522 971 588 saeculo
985 529 1100 608 quoi-to
1117 523 1267 609 frequen·

145 613 211 674 tius
233 608 435 674 elucubrata
457 612 547 681 sunt,
569 625 640 672 crim
661 606 791 672 scilicet
815 607 925 692 primis
951 614 1026 682 post
1041 606 1208 672 Christum
1232 617 1266 674 et

152 694 336 777 Apostolos
374 691 649 778 generationibus
677 690 715 756 S.
743 690 918 774 Scriptura
939 693 1142 839 praesertim
1176 694 1266 758 Noui

149 776 360 844 'Certamenti
388 783 552 858 tamqnam
581 774 718 838 verbnm
747 775 858 840 rivum
888 774 1102 840 discutimus
1137 777 1266 842 minimo

151 861 330 948 praeberet
354 858 502 942 adeoque
525 857 735 941 expositione
752 858 881 924 erudita
900 878 962 924 non
981 860 1168 943 indigeret:
1192 879 1266 926 curu

155 964 235 1010 uero
257 945 387 1026 aliquot
413 942 619 1028 interpositis
645 944 793 1008 saeculis
821 941 859 1008 S.
891 941 1064 1024 Scriptura
1098 943 1266 1028 plerisque

155 1031 277 1096 sensim
310 1029 410 1104 litera
439 1027 548 1114 magis
579 1034 724 1103 mortua,
758 1048 855 1113 quam
888 1029 1024 1094 uerbum
1054 1028 1165 1092 uirum
1194 1029 1266 1094 lieri

153 1114 345 1196 coepisset,
375 1117 442 1176 tum
471 1127 612 1176 necesse
639 1117 730 1186 erat,
764 1119 799 1176 nt
828 1111 972 1178 seientia
993 1112 1175 1200 exegetica
1197 1131 1266 1178 me-

151 1197 305 1263 diatricis
329 1195 425 1280 quasi
449 1195 522 1260 vice
545 1195 815 1281 longarumque
838 1215 961 1270 eorum,
986 1215 1072 1280 quim
1095 1197 1171 1261 olim
1195 1217 1266 1264 oro-

151 1302 213 1350 nes
237 1281 340 1348 facile
365 1298 442 1367 pers
466 1287 626 1356 exerant,
657 1299 743 1344 nuno
771 1299 906 1346 sensum
930 1279 1096 1365 plerisque
1119 1283 1266 1361 aperiret

150 1385 280 1453 eosque
302 1363 345 1430 ad
374 1299 599 1449 intefligeoda
622 1363 736 1429 divina
758 1365 893 1430 oracula
916 1365 1011 1450 quasi
1035 1383 1131 1430 irranu
1161 1365 1264 1430 duce·

152 1458 215 1516 ret.
262 1451 297 1514 lu
320 1449 415 1516 hisce
437 1459 547 1514 antem
569 1446 823 1514 Commentariis
850 1448 1085 1515 elucubrandis
1114 1447 1153 1514 S.
1177 1449 1265 1514 Hie-

156 1554 328 1617 ronymns.
364 1535 578 1617 interpretum
608 1533 696 1597 inter
724 1531 842 1598 Patres
873 1532 974 1598 facile
1003 1533 1177 1617 princeps,
1208 1533 1264 1618 qui

156 1619 231 1700 ipse
259 1618 395 1700 plurimu
424 1622 492 1682 tam
519 1617 553 1681 io
575 1617 701 1698 Vetus,
731 1635 829 1701 quam
859 1618 990 1684 Novum
1012 1617 1264 1683 'l'estamentum

153 1703 302 1768 condidit
324 1701 584 1778 Commentario,
613 1720 685 1766 eam
717 1702 927 1786 praecipuam
949 1703 1066 1767 statuit
1089 1701 1263 1782 requiam:

152 1786 351 1872 iuterpretis
374 1784 412 1852 S.
436 1784 631 1871 Scripturae
661 1784 744 1851 illud
773 1803 853 1850 esse
876 1804 1015 1863 munus,
1045 1792 1081 1849 ut
1108 1785 1265 1852 diuersas

155 1871 360 1936 diuersorum
386 1878 486 1954 ponat
508 1870 715 1944 sententiaa,
739 1889 781 1935 ex
805 1869 924 1953 quibus
947 1887 1043 1952 porro
1066 1868 1169 1933 lector
1191 1869 1265 1952 ipse

153 1957 301 2041 seligat,
335 1953 421 2040 quod
455 1954 517 2019 sibi
549 1954 590 2018 ad
613 1963 738 2019 rectum
761 1951 959 2038 Scripturas
980 1970 1120 2018 sensum
1143 1971 1265 2018 eruen-

152 2039 228 2106 dum
266 2043 408 2106 masinae
441 2040 619 2104 conivenirc
655 2035 825 2112 videaturr,
855 2039 890 2115 *)
927 2035 1079 2110 hortonae
1113 2038 1264 2114 reculam

151 2128 224 2208 ipse
258 2125 292 2190 in
328 2123 441 2208 primis
476 2129 612 2189 secutus
646 2131 726 2198 cst„
755 2121 910 2189 Ceterum
944 2120 977 2186 in
1010 2119 1264 2188 Commentariis

151 2209 327 2295 praevalet
349 2207 577 2292 interpretatio
599 2207 741 2274 literulis
763 2208 818 2273 vel
842 2206 1045 2295 allegorica.⁸

238 2294 386 2360 Alterum
408 2292 691 2389 interpretationis
714 2311 823 2390 geniis
842 2290 874 2390 id
901 2310 943 2357 ne
959 2289 1264 2389 frequentissimum

152 2375 476 2526 uttrlblttt
499 2383 535 2526 t
555 2383 895 2541 ltltt'ttl¹¹n:t‚·
929 2377 1265 2524 tltanttt'tttt

155 2546 314 2612 contiuua
335 2545 522 2616 concionum
553 2543 597 2608 ad
628 2544 756 2627 plebem
778 2543 961 2608 habitarum
983 2548 1086 2609 totum
1107 2540 1181 2604 libri
1205 2558 1264 2604 cu·

150 2628 288 2712 Juadom
308 2627 409 2694 divini
428 2635 658 2714 argumentum
681 2627 842 2706 refertur,
863 2644 984 2691 seusus
1007 2624 1199 2709 plerumque
1222 2623 1265 2686 li·

153 2713 272 2780 teralis
295 2713 437 2790 breuius,
459 2713 565 2780 fusius
586 2731 666 2778 vero
687 2711 821 2776 moralis
843 2718 878 2776 et
900 2707 1104 2792 allegoricus
1124 2727 1266 2772 enarra-

151 2808 224 2882 tur3
247 2798 325 2882 quia
347 2799 475 2863 omniuo
500 2815 692 2882 persuasum
712 2795 860 2861 habuere
880 2793 1002 2860 Sancti
1025 2792 1155 2868 Patres,
1179 2791 1263 2868 sore,

152 2891 205 2960 ut,
233 2885 284 2966 „si
307 2882 370 2946 boe
392 2889 517 2948 tanturn
541 2883 681 2947 velimus
704 2881 911 2960 intelligere,
957 2877 1021 2946 uod
1042 2885 1142 2944 ,sonat
1165 2877 1197 2941 in
1221 2877 1262 2940 li·

150 2975 242 3045 tera,
264 2974 320 3032 out
342 2967 517 3052 exiguam,
539 2972 595 3031 aut
609 2963 739 3056 'nuttam
763 2965 833 3030 lere
855 2898 1119 3030 scribonianum
1143 2961 1185 3026 de
1208 2961 1264 3026 di·

151 3053 240 3120 viuis
263 3052 461 3117 tentionibus
484 3051 692 3134 capirimusq‘·
709 3051 762 3120 ”l
791 3069 917 3114 ornnem
940 3067 1021 3115 veru
1044 3047 1084 3114 S.
1106 3046 1264 3130 Scriptu-

152 3154 211 3202 rae
234 3156 329 3202 nsum
352 3134 384 3198 in
408 3134 642 3200 aedificatione
665 3135 813 3216 corporis
835 3133 961 3199 Christi
985 3151 1067 3201 esse
1096 3147 1264 3215 reponen-

153 3219 230 3284 dum
252 3221 334 3286 nulli
357 3219 563 3286 dubitabant.
607 3216 817 3303 ernpropter
838 3231 874 3282 nt
896 3217 981 3283 bauo
1001 3215 1264 3282 aedificationem

155 3312 397 3388 promoverent.
418 3304 599 3388 animisque
622 3303 767 3368 ndetmm
790 3303 951 3366 ueritates
973 3301 1051 3366 fidei
1075 3317 1268 3382 morumque·

153 3396 333 3473 praecepta
361 3389 462 3456 altius
490 3387 677 3475 infigerent,
700 3385 767 3452 SS.
792 3386 926 3453 Potrum
949 3383 1076 3470 plurimi
1096 3385 1162 3464 jam
1186 3381 1264 3446 inde

151 3491 173 3536 a
195 3474 293 3538 tertio
318 3473 495 3539 Ecclesiae
522 3471 659 3538 saeculo
691 3473 807 3535 librum
837 3470 981 3555 aliquem
1004 3465 1043 3533 S.
1067 3465 1263 3550 Scripturas

48 3621 53 3630 ,
150 3557 436 3642 interpretandum
465 3558 530 3623 sibi
559 3563 764 3632 sumserunt,
798 3555 937 3639 eiusque
967 3551 1121 3638 singulas
1153 3557 1264 3634 partes

149 3641 298 3728 singulis
330 3641 543 3707 concionibus
573 3639 635 3708 boo
662 3638 725 3704 tine
755 3639 875 3724 populo
903 3636 1073 3740 explicare
1102 3633 1265 3722 aggressi

150 3735 245 3802 sunt,
269 3725 376 3793 doner
398 3732 501 3792 toturn
524 3724 665 3810 aliquem
688 3725 805 3788 librum
829 3722 1067 3788 absolvissent.
1112 3722 1149 3786 ln
1172 3723 1264 3803 rqu-

151 3809 238 3875 modi
260 3809 417 3878 Homiliis
439 3809 612 3877 admodum
641 3827 716 3874 roro
744 3825 879 3872 sensuro
903 3807 1066 3874 literalem
1090 3805 1177 3892 plebi
1201 3823 1263 3872 ex·

154 3985 363 4000 m·-

206 4079 233 4140 'l
252 4085 284 4134 S·
301 4081 422 4134 Hieron.
442 4083 556 4146 apolog.
577 4085 641 4132 adv.
662 4081 752 4132 liutto.
771 4080 822 4130 lib.
842 4081 865 4130 1.
886 4091 913 4129 u·
937 4077 979 4130 to.
1004 4077 1084 4130 Cts.
1101 4075 1262 4134 Hieronymi

261 4152 446 4204 Commentar.
459 4152 494 4203 'iu
514 4157 618 4203 lerum.
640 4153 746 4214 prolog·
766 4149 966 4212 (0pp0‘t'01V.
987 4163 1013 4210 p.
1033 4144 1191 4198 aaa-au.)-

183 4219 238 4282 **)
255 4228 285 4272 s.
304 4223 430 4274 Cacsartl
451 4225 559 4276 Arelnt.
578 4227 664 4274 tlerm.
684 4223 728 4274 20,
748 4235 776 4270 n·
800 4227 822 4269 t.
850 4220 891 4277 (in
911 4221 980 4280 Opp.
1000 4221 1029 4264 S·
1049 4214 1196 4276 Arrgustiut
1217 4211 1260 4256 erl.

156 4296 163 4304 '
258 4295 349 4344 Maur.
368 4297 400 4345 τ.
421 4295 457 4344 V.
477 4296 604 4356 Ap'peud.
623 4293 712 4342 Serio·
733 4289 777 4342 titt.
799 4291 842 4340 ed.
864 4289 992 4338 Venetae
1012 4287 1114 4332 tert-inc
1134 4285 1164 4329 Τ.
1186 4279 1261 4331 livi.

259 4365 388 4426 appono.
408 4367 457 4416 lv.
476 4369 567 4416 barm·
584 4359 659 4426 top.
