2866 4652
2 4563 129 4634 A

313 935 653 1031 uttuutuuitttl
676 935 801 1028 tutta
824 933 1114 1029 talamania

586 1175 766 1278 caput
798 1175 845 1260 1.

267 1353 327 1427 De
368 1351 519 1429 notione
559 1359 596 1428 et
636 1349 861 1428 auctoritate
902 1346 977 1428 SS.
1011 1347 1167 1426 Petrum.

666 1553 704 1645 s.
734 1569 780 1672 a

639 1707 796 1771 Christus.

244 1877 350 1946 iesus
373 1875 549 1956 Christus,
577 1879 735 1943 aeternos
757 1871 970 1952 nstitutus,
997 1889 1042 1940 ex
1065 1869 1275 1960 benignissi-

160 1980 213 2028 mo
235 1961 364 2029 aeterni
385 1962 498 2028 Patris
520 1959 661 2027 oonsilio
683 1959 778 2025 homo
801 1958 913 2026 tautum
935 1963 1000 2037 est,
1021 1963 1057 2023 nt
1077 1975 1188 2045 genus
1210 1955 1275 2022 lun-

159 2063 293 2112 mauum
314 2052 453 2131 peceato
477 2044 640 2130 perditum
661 2049 845 2128 repararet.
896 2039 1115 2124 Quamobrem
1138 2057 1181 2108 ea
1201 2057 1274 2106 om-

160 2129 234 2206 nia,
260 2147 351 2213 quae
371 2127 414 2194 ad
439 2128 537 2194 tinem
559 2127 658 2194 istum
681 2125 931 2213 assequendum
953 2132 1049 2194 eraut
1071 2123 1274 2200 muria,

159 2212 405 2298 perfectissime
439 2211 617 2297 praestitit.
680 2211 799 2297 ltaque
836 2211 1033 2277 incarnatus
1058 2209 1132 2276 Ι1)ιεί
1166 2208 1273 2274 Filius

158 2301 295 2383 propter
316 2295 461 2363 salntem
481 2298 582 2363 totius
604 2294 738 2362 humani
759 2293 921 2383 generis,
949 2300 985 2360 ta
1032 2313 1105 2360 uam
1135 2310 1275 2381 „agnus

160 2381 297 2448 oeeisus
318 2382 362 2448 ab
384 2380 515 2480 origiue
536 2379 670 2447 mundi“
693 2375 925 2470 (apocalyps.
946 2379 994 2459 tu,
1038 2372 1074 2468 J,
1096 2377 1173 2445 uum
1193 2393 1276 2464 pea-

158 2472 236 2533 oata
258 2472 375 2532 nostra
396 2467 490 2548 tolut,
519 2472 554 2533 et
573 2464 768 2552 iniquitates
790 2472 926 2532 nostras
947 2463 1022 2548 ipse
1043 2463 1200 2549 portauit,
1219 2453 1276 2548 *J

159 2550 298 2618 semoti
322 2571 395 2617 sum
417 2554 564 2620 offerens
585 2549 728 2618 hostiam
751 2548 825 2616 Deo
846 2545 1108 2629 immaculatam,
1136 2555 1276 2631 peceato

158 2636 270 2698 nutandi
290 2569 426 2708 (atoue,
451 2637 563 2701 faetus
585 2633 774 2721 propitiatio
798 2652 856 2718 pro
880 2633 1030 2717 peccatis
1054 2632 1156 2699 totius
1177 2647 1274 2727 mun·

159 2717 216 2797 uli,
246 2737 363 2800 nosque
390 2717 459 2778 llao
487 2718 733 2793 reconciliavit,
769 2715 903 2802 propriu
936 2717 1106 2803 sunguine
1132 2715 1208 2782 fuso
1239 2731 1276 2778 m

157 2798 299 2888 pretium
331 2797 546 2866 redemtionis
576 2808 640 2882 pro'
672 2797 843 2880 omnibus,
878 2817 920 2867 ao
951 2807 1151 2899 potestatem
1177 2797 1276 2866 nobis

157 2884 259 2964 iecit,
291 2888 326 2949 ut
356 2901 533 2968 possemus
559 2883 677 2949 iterum
709 2883 769 2949 iulii
797 2883 861 2951 Dei
892 2885 976 2952 liert.
1003 2881 1086 2975 llll)
1137 2885 1182 2950 Et
1211 2882 1275 2948 noe

157 2973 233 3034 erat
254 2967 392 3054 primum
414 2976 515 3054 atque
536 2967 767 3054 praecipuum,
797 2975 833 3036 ut
853 2966 1016 3036 Salvator
1037 2977 1153 3038 uester
1174 2967 1276 3034 chri-

157 3058 232 3118 stus
259 3055 435 3137 peceatum
462 3052 617 3130 tolleret,
645 3071 774 3139 nosque
803 3054 921 3122 iterum
943 3053 1017 3121 Deo
1039 3052 1277 3122 reconciliaret

158 3154 199 3202 aa
221 3133 385 3202 filiosllei
406 3134 573 3203 redderet.
595 3135 668 3205 Sed
690 3143 825 3222 praeter
847 3137 953 3225 ipsum
976 3145 1149 3226 peccatum
1170 3137 1275 3204 etiam

156 3221 300 3304 aequetur
317 3223 451 3302 peceati
472 3221 617 3289 extinxit
638 3220 830 3288 Redemlor·

242 3303 336 3371 lstae
358 3311 468 3372 atatem
492 3304 622 3392 peceati
644 3303 805 3392 sequelae
826 3309 928 3372 totum
956 3306 1144 3374 iniecerant
1165 3305 1274 3372 homi-

155 3406 250 3470 neut,
279 3395 314 3456 et
341 3389 483 3456 animum
511 3388 671 3456 videlieet
699 3398 736 3456 et
764 3407 897 3476 eorpus.
949 3391 987 3457 ln
1017 3391 1125 3458 animo
1156 3409 1274 3455 rursus

156 3474 339 3555 corruptio,
367 3493 454 3560 quae
476 3481 658 3541 consecuta
684 3480 739 3539 est
762 3479 954 3560 peecatum,
983 3474 1188 3541 intellectum
1212 3473 1273 3538 ulr-

156 3557 317 3634 iuseauit‚
340 3563 376 3622 et
397 3560 601 3626 uoluntatem
623 3557 834 3644 debilitavit3
868 3575 990 3646 corpus
1012 3565 1123 3626 autem
1146 3557 1273 3624 fructum

156 3648 212 3708 est
230 3640 325 3706 morti
346 3640 535 3720 obnoxium,
557 3660 598 3708 ae
620 3648 798 3728 praeterea
819 3644 970 3730 eorporis
992 3650 1101 3710 motus
1123 3642 1272 3710 rebella-

156 3731 278 3790 verunt
300 3723 467 3792 adversus
490 3725 588 3793 animi
611 3725 780 3812 imperium
797 3727 890 3811 justa
908 3727 973 3794 llei
989 3727 1128 3811 jndicio,
1174 3744 1270 3792 uem-

156 3806 332 3904 admodum
364 3809 495 3876 unimus
525 3811 753 3878 rebellaverat
789 3809 956 3880 adversus
978 3811 1043 3880 Dei
1071 3745 1274 3886 nannetum,

157 3897 207 3957 uta
229 3894 265 3956 ot
296 3898 459 3979 perpetua
490 3891 613 3961 dehine
640 3914 756 3982 pugna
788 3895 875 3964 inter
910 3913 1032 3984 eorpus
1065 3895 1273 3980 animumque

2 4213 3 4220 Ν
211 4173 243 4236 a)
260 4178 327 4226 usar.
348 4175 398 4239 ua,
420 4176 462 4228 u.
485 4176 524 4227 aa.
560 4177 625 4230 rou.
649 4179 680 4239 r,
698 4177 743 4230 uu.

140 4345 143 4352 Δ
193 4267 240 4331 ”a
257 4276 320 4326 uon.
342 4276 366 4339 1,
388 4271 430 4326 12.
468 4271 658 4339 anteana
695 4273 907 4341 aar.o,o-n.
941 4273 1201 4345 nom.a,tt-1r.

2 4401 4 4484 l
