<?xml version="1.0" encoding="UTF-8"?>
<!DOCTYPE html PUBLIC "-//W3C//DTD XHTML 1.0 Transitional//EN"
    "http://www.w3.org/TR/xhtml1/DTD/xhtml1-transitional.dtd">
<html xmlns="http://www.w3.org/1999/xhtml" xml:lang="en" lang="en">
 <head>
  <title>
</title>
<meta http-equiv="Content-Type" content="text/html;charset=utf-8" />
  <meta name='ocr-system' content='tesseract 3.04.00' />
  <meta name='ocr-capabilities' content='ocr_page ocr_carea ocr_par ocr_line ocrx_word'/>
</head>
<body>
  <div class='ocr_page' id='page_1' title='image "./institutionespa01fessgoog_0141.png"; bbox 0 0 2886 4660; ppageno 0'>
   <div class='ocr_carea' id='block_1_1' title="bbox 190 307 252 372">
    <p class='ocr_par' dir='ltr' id='par_1_1' title="bbox 190 307 252 372">
     <span class='ocr_line' id='line_1_1' title="bbox 190 307 252 372; baseline -0.032 0"><span class='ocrx_word' id='word_1_1' title='bbox 190 307 252 372; x_wconf 85' lang='lat' dir='ltr'><strong>ttlt</strong></span> 
     </span>
    </p>
   </div>
   <div class='ocr_carea' id='block_1_2' title="bbox 188 470 1347 2224">
    <p class='ocr_par' dir='ltr' id='par_1_2' title="bbox 188 470 1347 2224">
     <span class='ocr_line' id='line_1_2' title="bbox 189 470 1298 560; baseline -0.002 -20"><span class='ocrx_word' id='word_1_2' title='bbox 189 480 301 540; x_wconf 82' lang='lat' dir='ltr'><strong>noenta</strong></span> <span class='ocrx_word' id='word_1_3' title='bbox 328 477 421 538; x_wconf 91' lang='lat' dir='ltr'><strong>recte</strong></span> <span class='ocrx_word' id='word_1_4' title='bbox 443 470 677 546; x_wconf 68' lang='lat' dir='ltr'><strong>aestimantes,</strong></span> <span class='ocrx_word' id='word_1_5' title='bbox 710 470 847 538; x_wconf 88' lang='lat' dir='ltr'><strong>eosdem</strong></span> <span class='ocrx_word' id='word_1_6' title='bbox 880 491 938 556; x_wconf 86' lang='lat' dir='ltr'><strong>pra</strong></span> <span class='ocrx_word' id='word_1_7' title='bbox 970 471 1238 560; x_wconf 78' lang='lat' dir='ltr'><strong>opportunitate,</strong></span> <span class='ocrx_word' id='word_1_8' title='bbox 1264 473 1298 538; x_wconf 87' lang='lat' dir='ltr'><strong>in</strong></span> 
     </span>
     <span class='ocr_line' id='line_1_3' title="bbox 188 555 1298 633; baseline 0.002 -11"><span class='ocrx_word' id='word_1_9' title='bbox 188 579 273 626; x_wconf 88' lang='lat' dir='ltr'><strong>usus</strong></span> <span class='ocrx_word' id='word_1_10' title='bbox 295 563 427 622; x_wconf 90' lang='lat' dir='ltr'><strong>nostrus</strong></span> <span class='ocrx_word' id='word_1_11' title='bbox 450 566 691 621; x_wconf 71' lang='lat' dir='ltr'><strong>convertamus.</strong></span> <span class='ocrx_word' id='word_1_12' title='bbox 717 591 755 602; x_wconf 92' lang='lat'>-</span> <span class='ocrx_word' id='word_1_13' title='bbox 799 557 871 622; x_wconf 87' lang='lat' dir='ltr'><strong>Nec</strong></span> <span class='ocrx_word' id='word_1_14' title='bbox 894 556 1010 633; x_wconf 83' lang='lat' dir='ltr'><strong>miuus,</strong></span> <span class='ocrx_word' id='word_1_15' title='bbox 1034 564 1068 620; x_wconf 88' lang='lat' dir='ltr'><strong>ut</strong></span> <span class='ocrx_word' id='word_1_16' title='bbox 1090 575 1132 622; x_wconf 85' lang='lat' dir='ltr'><strong>ex</strong></span> <span class='ocrx_word' id='word_1_17' title='bbox 1149 555 1298 624; x_wconf 85' lang='lat' dir='ltr'><strong>Sancto-</strong></span> 
     </span>
     <span class='ocr_line' id='line_1_4' title="bbox 189 637 1324 724; baseline 0 -16"><span class='ocrx_word' id='word_1_18' title='bbox 189 663 259 708; x_wconf 90' lang='lat' dir='ltr'><strong>rum</strong></span> <span class='ocrx_word' id='word_1_19' title='bbox 289 641 423 706; x_wconf 84' lang='lat' dir='ltr'><strong>l‘atrnm</strong></span> <span class='ocrx_word' id='word_1_20' title='bbox 453 640 593 708; x_wconf 83' lang='lat' dir='ltr'><strong>lectione</strong></span> <span class='ocrx_word' id='word_1_21' title='bbox 624 659 681 724; x_wconf 86' lang='lat' dir='ltr'><strong>pru</strong></span> <span class='ocrx_word' id='word_1_22' title='bbox 712 637 836 706; x_wconf 79' lang='lat' dir='ltr'><strong>Critira</strong></span> <span class='ocrx_word' id='word_1_23' title='bbox 864 648 977 706; x_wconf 84' lang='lat' dir='ltr'><strong>textus</strong></span> <span class='ocrx_word' id='word_1_24' title='bbox 1003 641 1092 706; x_wconf 87' lang='lat' dir='ltr'><strong>sacri</strong></span> <span class='ocrx_word' id='word_1_25' title='bbox 1121 642 1324 708; x_wconf 88' lang='lat' dir='ltr'><strong>utilitatem-</strong></span> 
     </span>
     <span class='ocr_line' id='line_1_5' title="bbox 189 721 1298 811; baseline -0.001 -19"><span class='ocrx_word' id='word_1_26' title='bbox 189 745 425 811; x_wconf 78' lang='lat' dir='ltr'><strong>asserpramur.</strong></span> <span class='ocrx_word' id='word_1_27' title='bbox 449 724 488 790; x_wconf 88' lang='lat' dir='ltr'><strong>S.</strong></span> <span class='ocrx_word' id='word_1_28' title='bbox 510 721 706 808; x_wconf 78' lang='lat' dir='ltr'><strong>Scripturas</strong></span> <span class='ocrx_word' id='word_1_29' title='bbox 729 726 846 790; x_wconf 89' lang='lat' dir='ltr'><strong>notitia</strong></span> <span class='ocrx_word' id='word_1_30' title='bbox 866 732 1021 790; x_wconf 80' lang='lat' dir='ltr'><strong>accurrate</strong></span> <span class='ocrx_word' id='word_1_31' title='bbox 1045 727 1231 805; x_wconf 75' lang='lat' dir='ltr'><strong>requiritur.</strong></span> <span class='ocrx_word' id='word_1_32' title='bbox 1256 767 1298 779; x_wconf 88' lang='lat'><strong>-</strong></span> 
     </span>
     <span class='ocr_line' id='line_1_6' title="bbox 188 805 1297 896; baseline -0.002 -18"><span class='ocrx_word' id='word_1_33' title='bbox 188 812 342 896; x_wconf 89' lang='lat' dir='ltr'><strong>llenique</strong></span> <span class='ocrx_word' id='word_1_34' title='bbox 363 807 463 874; x_wconf 89' lang='lat' dir='ltr'><strong>etiam</strong></span> <span class='ocrx_word' id='word_1_35' title='bbox 488 814 523 872; x_wconf 91' lang='lat' dir='ltr'><strong>nt</strong></span> <span class='ocrx_word' id='word_1_36' title='bbox 544 810 577 874; x_wconf 92' lang='lat' dir='ltr'><strong>in</strong></span> <span class='ocrx_word' id='word_1_37' title='bbox 600 811 675 895; x_wconf 87' lang='lat' dir='ltr'><strong>ipsu</strong></span> <span class='ocrx_word' id='word_1_38' title='bbox 697 807 823 874; x_wconf 81' lang='lat' dir='ltr'><strong>Celtica</strong></span> <span class='ocrx_word' id='word_1_39' title='bbox 834 805 978 892; x_wconf 85' lang='lat' dir='ltr'><strong>Operum</strong></span> <span class='ocrx_word' id='word_1_40' title='bbox 993 807 1061 876; x_wconf 87' lang='lat' dir='ltr'><strong>SS.</strong></span> <span class='ocrx_word' id='word_1_41' title='bbox 1078 811 1211 876; x_wconf 80' lang='lat' dir='ltr'><strong>l&#39;atrum</strong></span> <span class='ocrx_word' id='word_1_42' title='bbox 1236 811 1297 888; x_wconf 86' lang='lat' dir='ltr'><strong>(de</strong></span> 
     </span>
     <span class='ocr_line' id='line_1_7' title="bbox 189 893 1298 980; baseline -0.004 -18"><span class='ocrx_word' id='word_1_43' title='bbox 189 915 256 980; x_wconf 76' lang='lat' dir='ltr'><strong>ntra</strong></span> <span class='ocrx_word' id='word_1_44' title='bbox 276 913 349 978; x_wconf 89' lang='lat' dir='ltr'><strong>cap.</strong></span> <span class='ocrx_word' id='word_1_45' title='bbox 373 893 529 977; x_wconf 77' lang='lat' dir='ltr'><strong>praeced.</strong></span> <span class='ocrx_word' id='word_1_46' title='bbox 551 913 660 958; x_wconf 85' lang='lat' dir='ltr'><strong>sermo</strong></span> <span class='ocrx_word' id='word_1_47' title='bbox 681 901 786 973; x_wconf 80' lang='lat' dir='ltr'><strong>erat),</strong></span> <span class='ocrx_word' id='word_1_48' title='bbox 813 901 904 960; x_wconf 88' lang='lat' dir='ltr'><strong>reete</strong></span> <span class='ocrx_word' id='word_1_49' title='bbox 926 913 1116 972; x_wconf 79' lang='lat' dir='ltr'><strong>versemur,</strong></span> <span class='ocrx_word' id='word_1_50' title='bbox 1144 903 1212 960; x_wconf 90' lang='lat' dir='ltr'><strong>tum</strong></span> <span class='ocrx_word' id='word_1_51' title='bbox 1234 914 1298 960; x_wconf 89' lang='lat' dir='ltr'><strong>nc-</strong></span> 
     </span>
     <span class='ocr_line' id='line_1_8' title="bbox 189 975 1299 1064; baseline -0.004 -18"><span class='ocrx_word' id='word_1_52' title='bbox 189 981 263 1046; x_wconf 88' lang='lat' dir='ltr'><strong>titia</strong></span> <span class='ocrx_word' id='word_1_53' title='bbox 283 978 322 1044; x_wconf 86' lang='lat' dir='ltr'><strong>S.</strong></span> <span class='ocrx_word' id='word_1_54' title='bbox 346 975 541 1063; x_wconf 80' lang='lat' dir='ltr'><strong>scripturae</strong></span> <span class='ocrx_word' id='word_1_55' title='bbox 563 978 766 1060; x_wconf 67' lang='lat' dir='ltr'><strong>generatim,</strong></span> <span class='ocrx_word' id='word_1_56' title='bbox 795 997 866 1044; x_wconf 88' lang='lat' dir='ltr'><strong>cum</strong></span> <span class='ocrx_word' id='word_1_57' title='bbox 897 979 1094 1064; x_wconf 88' lang='lat' dir='ltr'><strong>praesertim</strong></span> <span class='ocrx_word' id='word_1_58' title='bbox 1117 979 1234 1044; x_wconf 87' lang='lat' dir='ltr'><strong>notitia</strong></span> <span class='ocrx_word' id='word_1_59' title='bbox 1256 980 1299 1044; x_wconf 90' lang='lat' dir='ltr'><strong>il-</strong></span> 
     </span>
     <span class='ocr_line' id='line_1_9' title="bbox 189 1060 1300 1148; baseline -0.002 -18"><span class='ocrx_word' id='word_1_60' title='bbox 189 1067 255 1131; x_wconf 85' lang='lat' dir='ltr'><strong>lius</strong></span> <span class='ocrx_word' id='word_1_61' title='bbox 277 1063 462 1137; x_wconf 79' lang='lat' dir='ltr'><strong>versiuuis,</strong></span> <span class='ocrx_word' id='word_1_62' title='bbox 493 1061 590 1147; x_wconf 77' lang='lat' dir='ltr'><strong>quiam</strong></span> <span class='ocrx_word' id='word_1_63' title='bbox 622 1063 721 1128; x_wconf 83' lang='lat' dir='ltr'><strong>l&#39;ater</strong></span> <span class='ocrx_word' id='word_1_64' title='bbox 748 1060 868 1148; x_wconf 84' lang='lat' dir='ltr'><strong>aliquis</strong></span> <span class='ocrx_word' id='word_1_65' title='bbox 897 1065 930 1128; x_wconf 91' lang='lat' dir='ltr'><strong>in</strong></span> <span class='ocrx_word' id='word_1_66' title='bbox 952 1065 1024 1128; x_wconf 88' lang='lat' dir='ltr'><strong>suis</strong></span> <span class='ocrx_word' id='word_1_67' title='bbox 1046 1062 1300 1129; x_wconf 87' lang='lat' dir='ltr'><strong>conscribendis</strong></span> 
     </span>
     <span class='ocr_line' id='line_1_10' title="bbox 191 1146 1299 1234; baseline -0.003 -18"><span class='ocrx_word' id='word_1_68' title='bbox 191 1147 358 1234; x_wconf 78' lang='lat' dir='ltr'><strong>Operibus</strong></span> <span class='ocrx_word' id='word_1_69' title='bbox 385 1146 544 1212; x_wconf 88' lang='lat' dir='ltr'><strong>adhibere</strong></span> <span class='ocrx_word' id='word_1_70' title='bbox 567 1147 675 1220; x_wconf 81' lang='lat' dir='ltr'><strong>solet,</strong></span> <span class='ocrx_word' id='word_1_71' title='bbox 704 1147 746 1210; x_wconf 91' lang='lat' dir='ltr'><strong>nd</strong></span> <span class='ocrx_word' id='word_1_72' title='bbox 778 1166 893 1213; x_wconf 85' lang='lat' dir='ltr'><strong>sanum</strong></span> <span class='ocrx_word' id='word_1_73' title='bbox 920 1150 1110 1232; x_wconf 84' lang='lat' dir='ltr'><strong>justumque</strong></span> <span class='ocrx_word' id='word_1_74' title='bbox 1136 1147 1299 1230; x_wconf 88' lang='lat' dir='ltr'><strong>judicium</strong></span> 
     </span>
     <span class='ocr_line' id='line_1_11' title="bbox 188 1230 1299 1316; baseline 0 -18"><span class='ocrx_word' id='word_1_75' title='bbox 188 1231 362 1299; x_wconf 82' lang='lat' dir='ltr'><strong>ferendum</strong></span> <span class='ocrx_word' id='word_1_76' title='bbox 394 1230 774 1316; x_wconf 88' lang='lat' dir='ltr'><strong>plurimumaliquando</strong></span> <span class='ocrx_word' id='word_1_77' title='bbox 811 1232 964 1297; x_wconf 83' lang='lat' dir='ltr'><strong>conterre</strong></span> <span class='ocrx_word' id='word_1_78' title='bbox 997 1234 1127 1316; x_wconf 89' lang='lat' dir='ltr'><strong>poterit.</strong></span> <span class='ocrx_word' id='word_1_79' title='bbox 1186 1230 1299 1313; x_wconf 78' lang='lat' dir='ltr'><strong>Quare</strong></span> 
     </span>
     <span class='ocr_line' id='line_1_12' title="bbox 189 1315 1298 1402; baseline -0.004 -18"><span class='ocrx_word' id='word_1_80' title='bbox 189 1315 407 1402; x_wconf 85' lang='lat' dir='ltr'><strong>l’atrulogiae</strong></span> <span class='ocrx_word' id='word_1_81' title='bbox 432 1315 549 1380; x_wconf 89' lang='lat' dir='ltr'><strong>cultori</strong></span> <span class='ocrx_word' id='word_1_82' title='bbox 571 1334 735 1398; x_wconf 83' lang='lat' dir='ltr'><strong>nunquam</strong></span> <span class='ocrx_word' id='word_1_83' title='bbox 758 1317 841 1381; x_wconf 83' lang='lat' dir='ltr'><strong>satis</strong></span> <span class='ocrx_word' id='word_1_84' title='bbox 864 1315 1085 1382; x_wconf 86' lang='lat' dir='ltr'><strong>commendari</strong></span> <span class='ocrx_word' id='word_1_85' title='bbox 1108 1323 1215 1400; x_wconf 89' lang='lat' dir='ltr'><strong>potest</strong></span> <span class='ocrx_word' id='word_1_86' title='bbox 1237 1337 1298 1382; x_wconf 85' lang='lat' dir='ltr'><strong>us-</strong></span> 
     </span>
     <span class='ocr_line' id='line_1_13' title="bbox 189 1397 1299 1486; baseline 0 -20"><span class='ocrx_word' id='word_1_87' title='bbox 189 1402 318 1468; x_wconf 89' lang='lat' dir='ltr'><strong>siduum</strong></span> <span class='ocrx_word' id='word_1_88' title='bbox 342 1407 377 1464; x_wconf 93' lang='lat' dir='ltr'><strong>et</strong></span> <span class='ocrx_word' id='word_1_89' title='bbox 398 1397 604 1466; x_wconf 77' lang='lat' dir='ltr'><strong>indefessum</strong></span> <span class='ocrx_word' id='word_1_90' title='bbox 627 1399 666 1466; x_wconf 87' lang='lat' dir='ltr'><strong>S.</strong></span> <span class='ocrx_word' id='word_1_91' title='bbox 688 1399 884 1482; x_wconf 80' lang='lat' dir='ltr'><strong>Scripturas</strong></span> <span class='ocrx_word' id='word_1_92' title='bbox 906 1399 1069 1478; x_wconf 69' lang='lat' dir='ltr'><strong>studiumr</strong></span> <span class='ocrx_word' id='word_1_93' title='bbox 1106 1402 1299 1486; x_wconf 86' lang='lat' dir='ltr'><strong>pracsertim</strong></span> 
     </span>
     <span class='ocr_line' id='line_1_14' title="bbox 190 1483 1297 1571; baseline -0.001 -20"><span class='ocrx_word' id='word_1_94' title='bbox 190 1506 270 1552; x_wconf 78' lang='lat' dir='ltr'><strong>uero</strong></span> <span class='ocrx_word' id='word_1_95' title='bbox 293 1483 403 1550; x_wconf 85' lang='lat' dir='ltr'><strong>versio</strong></span> <span class='ocrx_word' id='word_1_96' title='bbox 432 1501 559 1570; x_wconf 82' lang='lat' dir='ltr'><strong>graeca</strong></span> <span class='ocrx_word' id='word_1_97' title='bbox 581 1483 809 1571; x_wconf 76' lang='lat' dir='ltr'><strong>Septuaginta</strong></span> <span class='ocrx_word' id='word_1_98' title='bbox 839 1485 1056 1570; x_wconf 80' lang='lat' dir='ltr'><strong>interpretum</strong></span> <span class='ocrx_word' id='word_1_99' title='bbox 1085 1503 1211 1550; x_wconf 84' lang='lat' dir='ltr'><strong>srrruma</strong></span> <span class='ocrx_word' id='word_1_100' title='bbox 1237 1503 1297 1550; x_wconf 89' lang='lat' dir='ltr'><strong>se-</strong></span> 
     </span>
     <span class='ocr_line' id='line_1_15' title="bbox 191 1567 1300 1654; baseline 0 -18"><span class='ocrx_word' id='word_1_101' title='bbox 191 1571 330 1636; x_wconf 89' lang='lat' dir='ltr'><strong>dulitate</strong></span> <span class='ocrx_word' id='word_1_102' title='bbox 358 1569 475 1636; x_wconf 89' lang='lat' dir='ltr'><strong>lectori</strong></span> <span class='ocrx_word' id='word_1_103' title='bbox 503 1567 571 1636; x_wconf 86' lang='lat' dir='ltr'><strong>SS.</strong></span> <span class='ocrx_word' id='word_1_104' title='bbox 596 1569 727 1635; x_wconf 72' lang='lat' dir='ltr'><strong>t’atrum</strong></span> <span class='ocrx_word' id='word_1_105' title='bbox 751 1572 814 1634; x_wconf 91' lang='lat' dir='ltr'><strong>erit</strong></span> <span class='ocrx_word' id='word_1_106' title='bbox 835 1569 1040 1642; x_wconf 57' lang='lat' dir='ltr'><strong>revolvenda,</strong></span> <span class='ocrx_word' id='word_1_107' title='bbox 1068 1574 1183 1654; x_wconf 88' lang='lat' dir='ltr'><strong>utpute</strong></span> <span class='ocrx_word' id='word_1_108' title='bbox 1205 1571 1300 1651; x_wconf 79' lang='lat' dir='ltr'><strong>cuijus</strong></span> 
     </span>
     <span class='ocr_line' id='line_1_16' title="bbox 191 1651 1300 1740; baseline -0.003 -19"><span class='ocrx_word' id='word_1_109' title='bbox 191 1676 271 1721; x_wconf 90' lang='lat' dir='ltr'><strong>usus</strong></span> <span class='ocrx_word' id='word_1_110' title='bbox 293 1662 360 1718; x_wconf 84' lang='lat' dir='ltr'><strong>taut</strong></span> <span class='ocrx_word' id='word_1_111' title='bbox 379 1652 468 1739; x_wconf 88' lang='lat' dir='ltr'><strong>apud</strong></span> <span class='ocrx_word' id='word_1_112' title='bbox 493 1651 644 1719; x_wconf 85' lang='lat' dir='ltr'><strong>Graecos</strong></span> <span class='ocrx_word' id='word_1_113' title='bbox 667 1654 802 1734; x_wconf 85' lang='lat' dir='ltr'><strong>Patres,</strong></span> <span class='ocrx_word' id='word_1_114' title='bbox 835 1673 932 1740; x_wconf 81' lang='lat' dir='ltr'><strong>quam</strong></span> <span class='ocrx_word' id='word_1_115' title='bbox 954 1653 1044 1739; x_wconf 88' lang='lat' dir='ltr'><strong>apud</strong></span> <span class='ocrx_word' id='word_1_116' title='bbox 1066 1655 1206 1720; x_wconf 87' lang='lat' dir='ltr'><strong>Latinos</strong></span> <span class='ocrx_word' id='word_1_117' title='bbox 1229 1654 1300 1719; x_wconf 84' lang='lat' dir='ltr'><strong>tre·</strong></span> 
     </span>
     <span class='ocr_line' id='line_1_17' title="bbox 190 1739 1300 1828; baseline 0.001 -25"><span class='ocrx_word' id='word_1_118' title='bbox 190 1739 428 1824; x_wconf 83' lang='lat' dir='ltr'><strong>queutissimus</strong></span> <span class='ocrx_word' id='word_1_119' title='bbox 450 1745 543 1814; x_wconf 78' lang='lat' dir='ltr'><strong>erut;</strong></span> <span class='ocrx_word' id='word_1_120' title='bbox 566 1739 696 1803; x_wconf 77' lang='lat' dir='ltr'><strong>Nouum</strong></span> <span class='ocrx_word' id='word_1_121' title='bbox 720 1757 850 1823; x_wconf 76' lang='lat' dir='ltr'><strong>utroque</strong></span> <span class='ocrx_word' id='word_1_122' title='bbox 872 1739 1117 1806; x_wconf 79' lang='lat' dir='ltr'><strong>Testamentum</strong></span> <span class='ocrx_word' id='word_1_123' title='bbox 1140 1756 1300 1828; x_wconf 82' lang='lat' dir='ltr'><strong>graecum</strong></span> 
     </span>
     <span class='ocr_line' id='line_1_18' title="bbox 192 1822 1301 1910; baseline -0.001 -21"><span class='ocrx_word' id='word_1_124' title='bbox 192 1825 250 1890; x_wconf 79' lang='lat' dir='ltr'><strong>uix</strong></span> <span class='ocrx_word' id='word_1_125' title='bbox 278 1841 417 1910; x_wconf 82' lang='lat' dir='ltr'><strong>unquam</strong></span> <span class='ocrx_word' id='word_1_126' title='bbox 446 1841 467 1886; x_wconf 89' lang='lat' dir='ltr'><strong>e</strong></span> <span class='ocrx_word' id='word_1_127' title='bbox 495 1822 646 1888; x_wconf 88' lang='lat' dir='ltr'><strong>manibus</strong></span> <span class='ocrx_word' id='word_1_128' title='bbox 673 1822 825 1888; x_wconf 86' lang='lat' dir='ltr'><strong>dimittet.</strong></span> <span class='ocrx_word' id='word_1_129' title='bbox 873 1823 1074 1890; x_wconf 77' lang='lat' dir='ltr'><strong>Praesertim</strong></span> <span class='ocrx_word' id='word_1_130' title='bbox 1094 1840 1177 1888; x_wconf 83' lang='lat' dir='ltr'><strong>vero</strong></span> <span class='ocrx_word' id='word_1_131' title='bbox 1199 1841 1301 1888; x_wconf 89' lang='lat' dir='ltr'><strong>accu-</strong></span> 
     </span>
     <span class='ocr_line' id='line_1_19' title="bbox 190 1905 1301 1993; baseline 0 -21"><span class='ocrx_word' id='word_1_132' title='bbox 190 1916 265 1974; x_wconf 91' lang='lat' dir='ltr'><strong>rata</strong></span> <span class='ocrx_word' id='word_1_133' title='bbox 286 1905 371 1972; x_wconf 86' lang='lat' dir='ltr'><strong>baec</strong></span> <span class='ocrx_word' id='word_1_134' title='bbox 393 1905 433 1974; x_wconf 87' lang='lat' dir='ltr'><strong>S.</strong></span> <span class='ocrx_word' id='word_1_135' title='bbox 449 1905 646 1991; x_wconf 77' lang='lat' dir='ltr'><strong>Scripturas</strong></span> <span class='ocrx_word' id='word_1_136' title='bbox 668 1908 785 1972; x_wconf 89' lang='lat' dir='ltr'><strong>notitia</strong></span> <span class='ocrx_word' id='word_1_137' title='bbox 809 1907 977 1993; x_wconf 91' lang='lat' dir='ltr'><strong>plurimum</strong></span> <span class='ocrx_word' id='word_1_138' title='bbox 1001 1911 1117 1973; x_wconf 81' lang='lat' dir='ltr'><strong>atteret</strong></span> <span class='ocrx_word' id='word_1_139' title='bbox 1139 1906 1301 1972; x_wconf 88' lang='lat' dir='ltr'><strong>commodi</strong></span> 
     </span>
     <span class='ocr_line' id='line_1_20' title="bbox 190 1989 1347 2078; baseline -0.004 -21"><span class='ocrx_word' id='word_1_140' title='bbox 190 1993 224 2058; x_wconf 90' lang='lat' dir='ltr'><strong>in</strong></span> <span class='ocrx_word' id='word_1_141' title='bbox 246 1993 389 2057; x_wconf 86' lang='lat' dir='ltr'><strong>lectione</strong></span> <span class='ocrx_word' id='word_1_142' title='bbox 413 1991 545 2056; x_wconf 81' lang='lat' dir='ltr'><strong>Petrum</strong></span> <span class='ocrx_word' id='word_1_143' title='bbox 571 1993 856 2072; x_wconf 74' lang='lat' dir='ltr'><strong>Apostolicorum,</strong></span> <span class='ocrx_word' id='word_1_144' title='bbox 885 1999 920 2057; x_wconf 91' lang='lat' dir='ltr'><strong>et</strong></span> <span class='ocrx_word' id='word_1_145' title='bbox 942 1989 1086 2078; x_wconf 81' lang='lat' dir='ltr'><strong>Operum</strong></span> <span class='ocrx_word' id='word_1_146' title='bbox 1120 1992 1300 2075; x_wconf 88' lang='lat' dir='ltr'><strong>polemico·</strong></span> <span class='ocrx_word' id='word_1_147' title='bbox 1344 2039 1347 2052; x_wconf 93' lang='lat'><strong>.</strong></span> 
     </span>
     <span class='ocr_line' id='line_1_21' title="bbox 193 2073 1303 2222; baseline 0 -82"><span class='ocrx_word' id='word_1_148' title='bbox 193 2096 281 2222; x_wconf 54' lang='lat' dir='ltr'><strong>Eum.</strong></span> <span class='ocrx_word' id='word_1_149' title='bbox 308 2095 362 2139; x_wconf 84' lang='lat' dir='ltr'><strong>ex.</strong></span> <span class='ocrx_word' id='word_1_150' title='bbox 395 2094 447 2160; x_wconf 82' lang='lat' dir='ltr'><strong>gr.</strong></span> <span class='ocrx_word' id='word_1_151' title='bbox 476 2076 508 2139; x_wconf 94' lang='lat' dir='ltr'><strong>in</strong></span> <span class='ocrx_word' id='word_1_152' title='bbox 539 2073 576 2139; x_wconf 90' lang='lat' dir='ltr'><strong>S.</strong></span> <span class='ocrx_word' id='word_1_153' title='bbox 599 2075 725 2140; x_wconf 83' lang='lat' dir='ltr'><strong>Justini</strong></span> <span class='ocrx_word' id='word_1_154' title='bbox 757 2076 900 2162; x_wconf 72' lang='lat' dir='ltr'><strong>Dialogo</strong></span> <span class='ocrx_word' id='word_1_155' title='bbox 932 2097 1004 2142; x_wconf 91' lang='lat' dir='ltr'><strong>cum</strong></span> <span class='ocrx_word' id='word_1_156' title='bbox 1036 2076 1216 2161; x_wconf 74' lang='lat' dir='ltr'><strong>Tryphone</strong></span> <span class='ocrx_word' id='word_1_157' title='bbox 1237 2076 1303 2140; x_wconf 87' lang='lat' dir='ltr'><strong>Ju-</strong></span> 
     </span>
     <span class='ocr_line' id='line_1_22' title="bbox 217 2178 287 2224; baseline -0.043 0"><span class='ocrx_word' id='word_1_158' title='bbox 217 2178 287 2224; x_wconf 89' lang='lat' dir='ltr'><strong>aen.</strong></span> 
     </span>
    </p>
   </div>
   <div class='ocr_carea' id='block_1_3' title="bbox 277 2341 1303 2750">
    <p class='ocr_par' dir='ltr' id='par_1_3' title="bbox 277 2341 1303 2750">
     <span class='ocr_line' id='line_1_23' title="bbox 685 2341 802 2428; baseline -0.103 0"><span class='ocrx_word' id='word_1_159' title='bbox 685 2341 721 2428; x_wconf 77' lang='lat' dir='ltr'><strong>a.</strong></span> <span class='ocrx_word' id='word_1_160' title='bbox 752 2357 802 2421; x_wconf 84' lang='lat' dir='ltr'><strong>aa.</strong></span> 
     </span>
     <span class='ocr_line' id='line_1_24' title="bbox 404 2491 1095 2564; baseline 0.012 -8"><span class='ocrx_word' id='word_1_161' title='bbox 404 2495 439 2562; x_wconf 77' lang='grc' dir='ltr'><strong>Γ.</strong></span> <span class='ocrx_word' id='word_1_162' title='bbox 483 2491 616 2559; x_wconf 75' lang='lat' dir='ltr'><strong>Notitiae</strong></span> <span class='ocrx_word' id='word_1_163' title='bbox 640 2495 808 2560; x_wconf 77' lang='lat' dir='ltr'><strong>Historiae</strong></span> <span class='ocrx_word' id='word_1_164' title='bbox 830 2495 1095 2564; x_wconf 67' lang='lat' dir='ltr'><strong>Ecclesiasticus</strong></span> 
     </span>
     <span class='ocr_line' id='line_1_25' title="bbox 277 2657 1303 2750; baseline 0.003 -23"><span class='ocrx_word' id='word_1_165' title='bbox 277 2663 423 2728; x_wconf 84' lang='lat' dir='ltr'><strong>Maxime</strong></span> <span class='ocrx_word' id='word_1_166' title='bbox 453 2683 550 2748; x_wconf 88' lang='lat' dir='ltr'><strong>porro</strong></span> <span class='ocrx_word' id='word_1_167' title='bbox 583 2663 776 2728; x_wconf 87' lang='lat' dir='ltr'><strong>necessaria</strong></span> <span class='ocrx_word' id='word_1_168' title='bbox 797 2673 849 2730; x_wconf 89' lang='lat' dir='ltr'><strong>est</strong></span> <span class='ocrx_word' id='word_1_169' title='bbox 871 2667 912 2745; x_wconf 78' lang='lat' dir='ltr'><strong>ei.</strong></span> <span class='ocrx_word' id='word_1_170' title='bbox 936 2666 990 2750; x_wconf 81' lang='lat' dir='ltr'><strong>utri</strong></span> <span class='ocrx_word' id='word_1_171' title='bbox 1013 2665 1158 2734; x_wconf 87' lang='lat' dir='ltr'><strong>Sanetus</strong></span> <span class='ocrx_word' id='word_1_172' title='bbox 1182 2657 1303 2732; x_wconf 78' lang='lat' dir='ltr'><strong>Patres</strong></span> 
     </span>
    </p>
   </div>
   <div class='ocr_carea' id='block_1_4' title="bbox 193 2746 1304 2920">
    <p class='ocr_par' dir='ltr' id='par_1_4' title="bbox 193 2746 1304 2920">
     <span class='ocr_line' id='line_1_26' title="bbox 193 2746 1302 2832; baseline 0.002 -22"><span class='ocrx_word' id='word_1_173' title='bbox 193 2753 284 2811; x_wconf 88' lang='lat' dir='ltr'><strong>recte</strong></span> <span class='ocrx_word' id='word_1_174' title='bbox 306 2746 471 2832; x_wconf 82' lang='lat' dir='ltr'><strong>pleneque</strong></span> <span class='ocrx_word' id='word_1_175' title='bbox 492 2747 682 2830; x_wconf 69' lang='lat' dir='ltr'><strong>intelligere</strong></span> <span class='ocrx_word' id='word_1_176' title='bbox 706 2747 884 2826; x_wconf 80' lang='lat' dir='ltr'><strong>desiderat,</strong></span> <span class='ocrx_word' id='word_1_177' title='bbox 908 2749 1046 2816; x_wconf 87' lang='lat' dir='ltr'><strong>historia</strong></span> <span class='ocrx_word' id='word_1_178' title='bbox 1060 2749 1302 2818; x_wconf 84' lang='lat' dir='ltr'><strong>ecclesiastiea.</strong></span> 
     </span>
     <span class='ocr_line' id='line_1_27' title="bbox 193 2830 1304 2920; baseline 0.005 -26"><span class='ocrx_word' id='word_1_179' title='bbox 193 2831 288 2896; x_wconf 88' lang='lat' dir='ltr'><strong>llaec</strong></span> <span class='ocrx_word' id='word_1_180' title='bbox 310 2830 396 2895; x_wconf 91' lang='lat' dir='ltr'><strong>enim</strong></span> <span class='ocrx_word' id='word_1_181' title='bbox 421 2832 492 2896; x_wconf 81' lang='lat' dir='ltr'><strong>tata</strong></span> <span class='ocrx_word' id='word_1_182' title='bbox 514 2837 654 2895; x_wconf 86' lang='lat' dir='ltr'><strong>externa</strong></span> <span class='ocrx_word' id='word_1_183' title='bbox 668 2832 843 2899; x_wconf 79' lang='lat' dir='ltr'><strong>Ecclesiae</strong></span> <span class='ocrx_word' id='word_1_184' title='bbox 864 2835 939 2900; x_wconf 84' lang='lat' dir='ltr'><strong>sive</strong></span> <span class='ocrx_word' id='word_1_185' title='bbox 962 2854 1121 2920; x_wconf 89' lang='lat' dir='ltr'><strong>prospera</strong></span> <span class='ocrx_word' id='word_1_186' title='bbox 1143 2834 1215 2900; x_wconf 81' lang='lat' dir='ltr'><strong>sire</strong></span> <span class='ocrx_word' id='word_1_187' title='bbox 1237 2834 1304 2900; x_wconf 85' lang='lat' dir='ltr'><strong>ad-</strong></span> 
     </span>
    </p>
   </div>
   <div class='ocr_carea' id='block_1_5' title="bbox 193 2913 1431 3002">
    <p class='ocr_par' dir='ltr' id='par_1_5' title="bbox 193 2913 1431 3002">
     <span class='ocr_line' id='line_1_28' title="bbox 193 2913 1431 3002; baseline 0.002 -24"><span class='ocrx_word' id='word_1_188' title='bbox 193 2932 296 2980; x_wconf 87' lang='lat' dir='ltr'><strong>versa</strong></span> <span class='ocrx_word' id='word_1_189' title='bbox 323 2913 532 2980; x_wconf 79' lang='lat' dir='ltr'><strong>enucleatius</strong></span> <span class='ocrx_word' id='word_1_190' title='bbox 561 2915 680 2994; x_wconf 72' lang='lat' dir='ltr'><strong>refert,</strong></span> <span class='ocrx_word' id='word_1_191' title='bbox 709 2916 748 2980; x_wconf 88' lang='lat' dir='ltr'><strong>ad</strong></span> <span class='ocrx_word' id='word_1_192' title='bbox 784 2936 871 3002; x_wconf 83' lang='lat' dir='ltr'><strong>quae</strong></span> <span class='ocrx_word' id='word_1_193' title='bbox 901 2919 1019 2984; x_wconf 84' lang='lat' dir='ltr'><strong>l‘atres</strong></span> <span class='ocrx_word' id='word_1_194' title='bbox 1056 2917 1235 2985; x_wconf 81' lang='lat' dir='ltr'><strong>Ecclesiae</strong></span> <span class='ocrx_word' id='word_1_195' title='bbox 1268 2921 1302 2982; x_wconf 89' lang='lat' dir='ltr'><strong>in</strong></span> <span class='ocrx_word' id='word_1_196' title='bbox 1426 2961 1431 2969; x_wconf 89' lang='lat'>-</span> 
     </span>
    </p>
   </div>
   <div class='ocr_carea' id='block_1_6' title="bbox 191 2997 1308 3764">
    <p class='ocr_par' dir='ltr' id='par_1_6' title="bbox 191 2997 1308 3764">
     <span class='ocr_line' id='line_1_29' title="bbox 192 2997 1303 3089; baseline 0.002 -25"><span class='ocrx_word' id='word_1_197' title='bbox 192 2999 264 3064; x_wconf 90' lang='lat' dir='ltr'><strong>suis</strong></span> <span class='ocrx_word' id='word_1_198' title='bbox 298 2997 582 3072; x_wconf 70' lang='lat' dir='ltr'><strong>lucubrationibus</strong></span> <span class='ocrx_word' id='word_1_199' title='bbox 609 3017 714 3086; x_wconf 89' lang='lat' dir='ltr'><strong>saepe</strong></span> <span class='ocrx_word' id='word_1_200' title='bbox 743 3002 935 3089; x_wconf 86' lang='lat' dir='ltr'><strong>respiciunt.</strong></span> <span class='ocrx_word' id='word_1_201' title='bbox 987 3003 1089 3070; x_wconf 88' lang='lat' dir='ltr'><strong>Porro</strong></span> <span class='ocrx_word' id='word_1_202' title='bbox 1118 3001 1303 3070; x_wconf 87' lang='lat' dir='ltr'><strong>hierarchia</strong></span> 
     </span>
     <span class='ocr_line' id='line_1_30' title="bbox 192 3081 1304 3173; baseline 0.002 -25"><span class='ocrx_word' id='word_1_203' title='bbox 192 3082 427 3149; x_wconf 87' lang='lat' dir='ltr'><strong>ecclesiastica</strong></span> <span class='ocrx_word' id='word_1_204' title='bbox 449 3089 483 3148; x_wconf 91' lang='lat' dir='ltr'><strong>et</strong></span> <span class='ocrx_word' id='word_1_205' title='bbox 505 3081 611 3148; x_wconf 84' lang='lat' dir='ltr'><strong>torma</strong></span> <span class='ocrx_word' id='word_1_206' title='bbox 634 3086 817 3173; x_wconf 81' lang='lat' dir='ltr'><strong>regiminis,</strong></span> <span class='ocrx_word' id='word_1_207' title='bbox 839 3106 902 3153; x_wconf 89' lang='lat' dir='ltr'><strong>nec</strong></span> <span class='ocrx_word' id='word_1_208' title='bbox 921 3106 985 3152; x_wconf 91' lang='lat' dir='ltr'><strong>non</strong></span> <span class='ocrx_word' id='word_1_209' title='bbox 1005 3088 1087 3154; x_wconf 90' lang='lat' dir='ltr'><strong>ritus</strong></span> <span class='ocrx_word' id='word_1_210' title='bbox 1100 3095 1135 3154; x_wconf 90' lang='lat' dir='ltr'><strong>et</strong></span> <span class='ocrx_word' id='word_1_211' title='bbox 1149 3105 1304 3153; x_wconf 85' lang='lat' dir='ltr'><strong>ceremu-</strong></span> 
     </span>
     <span class='ocr_line' id='line_1_31' title="bbox 192 3167 1304 3260; baseline 0.004 -28"><span class='ocrx_word' id='word_1_212' title='bbox 192 3169 268 3233; x_wconf 86' lang='lat' dir='ltr'><strong>niae</strong></span> <span class='ocrx_word' id='word_1_213' title='bbox 290 3187 331 3234; x_wconf 90' lang='lat' dir='ltr'><strong>ac</strong></span> <span class='ocrx_word' id='word_1_214' title='bbox 362 3167 541 3252; x_wconf 81' lang='lat' dir='ltr'><strong>disciplina</strong></span> <span class='ocrx_word' id='word_1_215' title='bbox 570 3167 761 3246; x_wconf 77' lang='lat' dir='ltr'><strong>Ecclesiae.</strong></span> <span class='ocrx_word' id='word_1_216' title='bbox 794 3173 896 3238; x_wconf 85' lang='lat' dir='ltr'><strong>variis</strong></span> <span class='ocrx_word' id='word_1_217' title='bbox 925 3172 1010 3238; x_wconf 89' lang='lat' dir='ltr'><strong>locis</strong></span> <span class='ocrx_word' id='word_1_218' title='bbox 1030 3180 1067 3239; x_wconf 93' lang='lat' dir='ltr'><strong>et</strong></span> <span class='ocrx_word' id='word_1_219' title='bbox 1087 3171 1304 3260; x_wconf 85' lang='lat' dir='ltr'><strong>temporibus.</strong></span> 
     </span>
     <span class='ocr_line' id='line_1_32' title="bbox 192 3251 1305 3332; baseline 0.004 -16"><span class='ocrx_word' id='word_1_220' title='bbox 192 3255 326 3318; x_wconf 89' lang='lat' dir='ltr'><strong>mutatis</strong></span> <span class='ocrx_word' id='word_1_221' title='bbox 348 3253 497 3319; x_wconf 85' lang='lat' dir='ltr'><strong>externis</strong></span> <span class='ocrx_word' id='word_1_222' title='bbox 518 3251 697 3319; x_wconf 80' lang='lat' dir='ltr'><strong>Ecclesiae</strong></span> <span class='ocrx_word' id='word_1_223' title='bbox 723 3255 998 3332; x_wconf 74' lang='lat' dir='ltr'><strong>circumstantiis,</strong></span> <span class='ocrx_word' id='word_1_224' title='bbox 1025 3258 1139 3323; x_wconf 90' lang='lat' dir='ltr'><strong>varias</strong></span> <span class='ocrx_word' id='word_1_225' title='bbox 1166 3255 1305 3321; x_wconf 87' lang='lat' dir='ltr'><strong>vicissi-</strong></span> 
     </span>
     <span class='ocr_line' id='line_1_33' title="bbox 193 3336 1304 3426; baseline 0.003 -25"><span class='ocrx_word' id='word_1_226' title='bbox 193 3336 326 3403; x_wconf 90' lang='lat' dir='ltr'><strong>tudines</strong></span> <span class='ocrx_word' id='word_1_227' title='bbox 346 3338 502 3426; x_wconf 81' lang='lat' dir='ltr'><strong>subiere3</strong></span> <span class='ocrx_word' id='word_1_228' title='bbox 525 3355 608 3423; x_wconf 88' lang='lat' dir='ltr'><strong>quas</strong></span> <span class='ocrx_word' id='word_1_229' title='bbox 630 3337 824 3423; x_wconf 82' lang='lat' dir='ltr'><strong>singillatim</strong></span> <span class='ocrx_word' id='word_1_230' title='bbox 847 3340 1006 3408; x_wconf 84' lang='lat' dir='ltr'><strong>describit</strong></span> <span class='ocrx_word' id='word_1_231' title='bbox 1029 3341 1167 3407; x_wconf 88' lang='lat' dir='ltr'><strong>historia</strong></span> <span class='ocrx_word' id='word_1_232' title='bbox 1189 3341 1304 3405; x_wconf 89' lang='lat' dir='ltr'><strong>eccle·</strong></span> 
     </span>
     <span class='ocr_line' id='line_1_34' title="bbox 191 3420 1304 3510; baseline 0.002 -24"><span class='ocrx_word' id='word_1_233' title='bbox 191 3422 342 3499; x_wconf 68' lang='lat' dir='ltr'><strong>mastica,</strong></span> <span class='ocrx_word' id='word_1_234' title='bbox 362 3437 540 3507; x_wconf 76' lang='lat' dir='ltr'><strong>earumque</strong></span> <span class='ocrx_word' id='word_1_235' title='bbox 563 3438 683 3486; x_wconf 72' lang='lat' dir='ltr'><strong>mersas</strong></span> <span class='ocrx_word' id='word_1_236' title='bbox 707 3420 812 3490; x_wconf 80' lang='lat' dir='ltr'><strong>tursius</strong></span> <span class='ocrx_word' id='word_1_237' title='bbox 832 3426 981 3510; x_wconf 78' lang='lat' dir='ltr'><strong>exponit.</strong></span> <span class='ocrx_word' id='word_1_238' title='bbox 1003 3427 1061 3502; x_wconf 80' lang='lat' dir='ltr'><strong>ita.</strong></span> <span class='ocrx_word' id='word_1_239' title='bbox 1082 3432 1117 3490; x_wconf 92' lang='lat' dir='ltr'><strong>nt</strong></span> <span class='ocrx_word' id='word_1_240' title='bbox 1145 3425 1304 3510; x_wconf 87' lang='lat' dir='ltr'><strong>antiquae</strong></span> 
     </span>
     <span class='ocr_line' id='line_1_35' title="bbox 192 3505 1304 3590; baseline 0.002 -20"><span class='ocrx_word' id='word_1_241' title='bbox 192 3505 370 3570; x_wconf 86' lang='lat' dir='ltr'><strong>Ecclesiae</strong></span> <span class='ocrx_word' id='word_1_242' title='bbox 394 3521 435 3567; x_wconf 88' lang='lat' dir='ltr'><strong>ac</strong></span> <span class='ocrx_word' id='word_1_243' title='bbox 457 3505 664 3588; x_wconf 76' lang='lat' dir='ltr'><strong>singularum</strong></span> <span class='ocrx_word' id='word_1_244' title='bbox 687 3507 838 3590; x_wconf 86' lang='lat' dir='ltr'><strong>ejusdem</strong></span> <span class='ocrx_word' id='word_1_245' title='bbox 860 3515 1006 3576; x_wconf 86' lang='lat' dir='ltr'><strong>aetatum</strong></span> <span class='ocrx_word' id='word_1_246' title='bbox 1037 3511 1143 3575; x_wconf 84' lang='lat' dir='ltr'><strong>torma</strong></span> <span class='ocrx_word' id='word_1_247' title='bbox 1172 3507 1304 3574; x_wconf 86' lang='lat' dir='ltr'><strong>hierar-</strong></span> 
     </span>
     <span class='ocr_line' id='line_1_36' title="bbox 194 3587 1306 3682; baseline 0.004 -30"><span class='ocrx_word' id='word_1_248' title='bbox 194 3589 291 3682; x_wconf 80' lang='lat' dir='ltr'><strong>chiae</strong></span> <span class='ocrx_word' id='word_1_249' title='bbox 312 3595 347 3652; x_wconf 88' lang='lat' dir='ltr'><strong>et</strong></span> <span class='ocrx_word' id='word_1_250' title='bbox 370 3587 626 3654; x_wconf 87' lang='lat' dir='ltr'><strong>ecclesiastieae</strong></span> <span class='ocrx_word' id='word_1_251' title='bbox 648 3589 962 3671; x_wconf 81' lang='lat' dir='ltr'><strong>administrationis,</strong></span> <span class='ocrx_word' id='word_1_252' title='bbox 989 3595 1146 3682; x_wconf 80' lang='lat' dir='ltr'><strong>liturgiae</strong></span> <span class='ocrx_word' id='word_1_253' title='bbox 1168 3611 1209 3660; x_wconf 88' lang='lat' dir='ltr'><strong>ac</strong></span> <span class='ocrx_word' id='word_1_254' title='bbox 1231 3591 1306 3658; x_wconf 87' lang='lat' dir='ltr'><strong>dis-</strong></span> 
     </span>
     <span class='ocr_line' id='line_1_37' title="bbox 194 3670 1308 3764; baseline 0.005 -29"><span class='ocrx_word' id='word_1_255' title='bbox 194 3671 339 3754; x_wconf 90' lang='lat' dir='ltr'><strong>ciplmao</strong></span> <span class='ocrx_word' id='word_1_256' title='bbox 361 3670 470 3752; x_wconf 81' lang='lat' dir='ltr'><strong>pleno,</strong></span> <span class='ocrx_word' id='word_1_257' title='bbox 492 3681 646 3740; x_wconf 90' lang='lat' dir='ltr'><strong>accurato</strong></span> <span class='ocrx_word' id='word_1_258' title='bbox 670 3685 704 3741; x_wconf 91' lang='lat' dir='ltr'><strong>et</strong></span> <span class='ocrx_word' id='word_1_259' title='bbox 728 3677 890 3760; x_wconf 82' lang='lat' dir='ltr'><strong>protunda</strong></span> <span class='ocrx_word' id='word_1_260' title='bbox 911 3679 1008 3746; x_wconf 90' lang='lat' dir='ltr'><strong>modo</strong></span> <span class='ocrx_word' id='word_1_261' title='bbox 1031 3679 1254 3764; x_wconf 91' lang='lat' dir='ltr'><strong>perspiciatur</strong></span> <span class='ocrx_word' id='word_1_262' title='bbox 1271 3683 1308 3742; x_wconf 92' lang='lat' dir='ltr'><strong>et</strong></span> 
     </span>
    </p>
   </div>
   <div class='ocr_carea' id='block_1_7' title="bbox 193 3753 1308 3846">
    <p class='ocr_par' dir='ltr' id='par_1_7' title="bbox 193 3745 1436 3846">
     <span class='ocr_line' id='line_1_38' title="bbox 193 3753 1308 3846; baseline 0.01 -30"><span class='ocrx_word' id='word_1_263' title='bbox 193 3773 257 3818; x_wconf 82' lang='lat' dir='ltr'><strong>arno</strong></span> <span class='ocrx_word' id='word_1_264' title='bbox 280 3757 376 3838; x_wconf 77' lang='lat' dir='ltr'><strong>quasi</strong></span> <span class='ocrx_word' id='word_1_265' title='bbox 400 3753 517 3821; x_wconf 92' lang='lat' dir='ltr'><strong>iutuitu</strong></span> <span class='ocrx_word' id='word_1_266' title='bbox 541 3759 849 3843; x_wconf 78' lang='lat' dir='ltr'><strong>comprehendatur.</strong></span> <span class='ocrx_word' id='word_1_267' title='bbox 904 3763 1014 3830; x_wconf 85' lang='lat' dir='ltr'><strong>Multa</strong></span> <span class='ocrx_word' id='word_1_268' title='bbox 1043 3761 1208 3846; x_wconf 86' lang='lat' dir='ltr'><strong>ejusmodi</strong></span> <span class='ocrx_word' id='word_1_269' title='bbox 1229 3761 1308 3826; x_wconf 87' lang='lat' dir='ltr'><strong>binc</strong></span> 
     </span>
    </p>
   </div>
   <div class='ocr_carea' id='block_1_8' title="bbox 192 3837 1308 4014">
    <p class='ocr_par' dir='ltr' id='par_1_8' title="bbox 192 3837 1308 4014">
     <span class='ocr_line' id='line_1_39' title="bbox 192 3837 1308 3934; baseline 0.009 -34"><span class='ocrx_word' id='word_1_270' title='bbox 192 3837 325 3934; x_wconf 79' lang='lat' dir='ltr'><strong>indein</strong></span> <span class='ocrx_word' id='word_1_271' title='bbox 348 3840 482 3934; x_wconf 78' lang='lat' dir='ltr'><strong>seriptis</strong></span> <span class='ocrx_word' id='word_1_272' title='bbox 504 3843 587 3920; x_wconf 80' lang='lat' dir='ltr'><strong>suis,</strong></span> <span class='ocrx_word' id='word_1_273' title='bbox 612 3845 802 3930; x_wconf 83' lang='lat' dir='ltr'><strong>plerumque</strong></span> <span class='ocrx_word' id='word_1_274' title='bbox 824 3851 934 3914; x_wconf 88' lang='lat' dir='ltr'><strong>tamen</strong></span> <span class='ocrx_word' id='word_1_275' title='bbox 958 3850 1076 3934; x_wconf 85' lang='lat' dir='ltr'><strong>paucis</strong></span> <span class='ocrx_word' id='word_1_276' title='bbox 1099 3844 1308 3914; x_wconf 88' lang='lat' dir='ltr'><strong>solummodo</strong></span> 
     </span>
     <span class='ocr_line' id='line_1_40' title="bbox 193 3922 1307 4014; baseline 0.007 -30"><span class='ocrx_word' id='word_1_277' title='bbox 193 3922 307 3986; x_wconf 82' lang='lat' dir='ltr'><strong>verbis</strong></span> <span class='ocrx_word' id='word_1_278' title='bbox 329 3930 498 4012; x_wconf 80' lang='lat' dir='ltr'><strong>attingunt</strong></span> <span class='ocrx_word' id='word_1_279' title='bbox 518 3925 637 3992; x_wconf 88' lang='lat' dir='ltr'><strong>Sancti</strong></span> <span class='ocrx_word' id='word_1_280' title='bbox 652 3928 780 4006; x_wconf 78' lang='lat' dir='ltr'><strong>l‘atres,</strong></span> <span class='ocrx_word' id='word_1_281' title='bbox 803 3939 899 4012; x_wconf 89' lang='lat' dir='ltr'><strong>prout</strong></span> <span class='ocrx_word' id='word_1_282' title='bbox 919 3933 976 3998; x_wconf 87' lang='lat' dir='ltr'><strong>bui</strong></span> <span class='ocrx_word' id='word_1_283' title='bbox 999 3951 1061 4000; x_wconf 88' lang='lat' dir='ltr'><strong>suo</strong></span> <span class='ocrx_word' id='word_1_284' title='bbox 1083 3931 1307 4014; x_wconf 67' lang='lat' dir='ltr'><strong>congruebat.</strong></span> 
     </span>
    </p>
   </div>
   <div class='ocr_carea' id='block_1_9' title="bbox 192 4007 1310 4359">
    <p class='ocr_par' dir='ltr' id='par_1_9' title="bbox 192 4007 1310 4359">
     <span class='ocr_line' id='line_1_41' title="bbox 192 4007 1307 4108; baseline 0.008 -37"><span class='ocrx_word' id='word_1_285' title='bbox 192 4007 351 4102; x_wconf 41' lang='lat' dir='ltr'><strong>{Haec</strong></span> <span class='ocrx_word' id='word_1_286' title='bbox 381 4008 520 4092; x_wconf 88' lang='lat' dir='ltr'><strong>proinde</strong></span> <span class='ocrx_word' id='word_1_287' title='bbox 554 4029 719 4097; x_wconf 80' lang='lat' dir='ltr'><strong>utinquam</strong></span> <span class='ocrx_word' id='word_1_288' title='bbox 751 4013 837 4081; x_wconf 87' lang='lat' dir='ltr'><strong>satis</strong></span> <span class='ocrx_word' id='word_1_289' title='bbox 859 4017 1027 4108; x_wconf 82' lang='lat' dir='ltr'><strong>intelliget</strong></span> <span class='ocrx_word' id='word_1_290' title='bbox 1050 4035 1090 4083; x_wconf 88' lang='lat' dir='ltr'><strong>ae</strong></span> <span class='ocrx_word' id='word_1_291' title='bbox 1113 4015 1307 4104; x_wconf 74' lang='lat' dir='ltr'><strong>perspiciet.</strong></span> 
     </span>
     <span class='ocr_line' id='line_1_42' title="bbox 193 4091 1307 4186; baseline 0.009 -32"><span class='ocrx_word' id='word_1_292' title='bbox 193 4111 334 4177; x_wconf 72' lang='lat' dir='ltr'><strong>epitriton</strong></span> <span class='ocrx_word' id='word_1_293' title='bbox 357 4111 399 4158; x_wconf 90' lang='lat' dir='ltr'><strong>ex</strong></span> <span class='ocrx_word' id='word_1_294' title='bbox 422 4091 561 4161; x_wconf 89' lang='lat' dir='ltr'><strong>historia</strong></span> <span class='ocrx_word' id='word_1_295' title='bbox 583 4097 832 4178; x_wconf 78' lang='lat' dir='ltr'><strong>ecclesiastica,</strong></span> <span class='ocrx_word' id='word_1_296' title='bbox 861 4105 956 4185; x_wconf 88' lang='lat' dir='ltr'><strong>cnjus</strong></span> <span class='ocrx_word' id='word_1_297' title='bbox 984 4111 1038 4169; x_wconf 90' lang='lat' dir='ltr'><strong>est</strong></span> <span class='ocrx_word' id='word_1_298' title='bbox 1061 4103 1188 4178; x_wconf 82' lang='lat' dir='ltr'><strong>omnia,</strong></span> <span class='ocrx_word' id='word_1_299' title='bbox 1217 4117 1307 4186; x_wconf 80' lang='lat' dir='ltr'><strong>quiae</strong></span> 
     </span>
     <span class='ocr_line' id='line_1_43' title="bbox 193 4175 1309 4275; baseline 0.007 -35"><span class='ocrx_word' id='word_1_300' title='bbox 193 4175 234 4240; x_wconf 91' lang='lat' dir='ltr'><strong>nd</strong></span> <span class='ocrx_word' id='word_1_301' title='bbox 267 4197 322 4244; x_wconf 86' lang='lat' dir='ltr'><strong>res</strong></span> <span class='ocrx_word' id='word_1_302' title='bbox 346 4177 523 4246; x_wconf 88' lang='lat' dir='ltr'><strong>Ecclesiae</strong></span> <span class='ocrx_word' id='word_1_303' title='bbox 552 4181 771 4250; x_wconf 81' lang='lat' dir='ltr'><strong>elrrcidaudas</strong></span> <span class='ocrx_word' id='word_1_304' title='bbox 793 4185 880 4271; x_wconf 91' lang='lat' dir='ltr'><strong>apud</strong></span> <span class='ocrx_word' id='word_1_305' title='bbox 905 4188 1070 4275; x_wconf 80' lang='lat' dir='ltr'><strong>Antiquos</strong></span> <span class='ocrx_word' id='word_1_306' title='bbox 1093 4184 1241 4272; x_wconf 90' lang='lat' dir='ltr'><strong>reperire</strong></span> <span class='ocrx_word' id='word_1_307' title='bbox 1263 4185 1309 4248; x_wconf 88' lang='lat' dir='ltr'><strong>li-·</strong></span> 
     </span>
     <span class='ocr_line' id='line_1_44' title="bbox 192 4263 1310 4359; baseline 0.009 -35"><span class='ocrx_word' id='word_1_308' title='bbox 192 4267 264 4342; x_wconf 88' lang='lat' dir='ltr'><strong>cet,</strong></span> <span class='ocrx_word' id='word_1_309' title='bbox 295 4263 477 4350; x_wconf 78' lang='lat' dir='ltr'><strong>indagare,</strong></span> <span class='ocrx_word' id='word_1_310' title='bbox 507 4265 538 4330; x_wconf 91' lang='lat' dir='ltr'><strong>in</strong></span> <span class='ocrx_word' id='word_1_311' title='bbox 570 4285 666 4334; x_wconf 81' lang='lat' dir='ltr'><strong>irnrrm</strong></span> <span class='ocrx_word' id='word_1_312' title='bbox 694 4287 879 4355; x_wconf 81' lang='lat' dir='ltr'><strong>congerere</strong></span> <span class='ocrx_word' id='word_1_313' title='bbox 906 4273 1023 4359; x_wconf 86' lang='lat' dir='ltr'><strong>sicque</strong></span> <span class='ocrx_word' id='word_1_314' title='bbox 1045 4269 1173 4352; x_wconf 83' lang='lat' dir='ltr'><strong>uirum,</strong></span> <span class='ocrx_word' id='word_1_315' title='bbox 1205 4267 1310 4336; x_wconf 84' lang='lat' dir='ltr'><strong>fidam</strong></span> 
     </span>
    </p>
   </div>
   <div class='ocr_carea' id='block_1_10' title="bbox 0 0 1455 4660">
    <p class='ocr_par' dir='ltr' id='par_1_10' title="bbox 0 0 1455 4660">
     <span class='ocr_line' id='line_1_45' title="bbox 0 0 1455 4660; baseline 0 0"><span class='ocrx_word' id='word_1_316' title='bbox 0 0 1455 4660; x_wconf 95' lang='lat' dir='ltr'><strong> </strong></span> 
     </span>
    </p>
   </div>
  </div>
 </body>
</html>
