2880 4660
1157 317 1220 386 tbi

107 487 199 576 quod
227 487 261 555 in
293 487 386 555 libris
408 487 546 555 Veteris
567 487 775 557 Testamenti
803 490 898 556 varia
926 487 968 556 dc
995 489 1222 558 celeberrimis

107 577 212 640 etium
234 573 319 639 uiris
340 573 529 640 referantur
552 574 643 654 uitia,¹
665 575 854 640 auctoritati
875 574 1023 656 ejusdem
1046 575 1223 662 quidquam

107 658 244 724 detrahi
254 707 264 732 ,
294 657 370 722 sive
400 657 499 722 alium
533 657 621 721 illius
648 678 729 724 esse
759 665 945 736 auctorem,
979 675 1074 744 quum
1102 675 1223 743 supre-

109 763 197 808 mum
222 743 341 819 Deum,
363 748 454 806 recte
477 741 591 806 inferri
620 743 764 808 ostendit
783 755 836 819 (c.
860 743 902 805 27
925 781 965 793 -
987 745 1075 830 ²8³3
1114 759 1223 826 neque

108 832 212 892 etiam
235 825 343 890 Deum
367 825 502 890 Veteris
533 827 739 891 Testamenti
760 828 793 891 iu
816 827 873 890 illo
896 843 1060 908 apparere
1083 843 1223 910 uuquam

110 931 176 975 eeu
198 919 368 975 auctorem
393 909 539 993 peccati,
569 909 676 974 solide
700 918 815 974 contra
838 910 1016 975 Gnostieos
1039 911 1157 996 probat
1178 915 1223 985 (c.

111 996 280 1068 29-30.).
324 993 418 1057 'l'uuc
439 994 585 1079 insurgit
606 993 772 1058 adversus
793 996 1068 1078 praesumtionem
1085 992 1224 1059 Gnosti-

112 1099 244 1155 corum,
280 1078 333 1162 qui
363 1096 403 1141 se
433 1079 526 1161 ipsos
556 1077 712 1142 dicebaut
745 1081 935 1160 spiritales,
973 1089 1091 1144 natrrra
1119 1079 1224 1148 boreos,

111 1177 217 1250 atque
236 1163 416 1244 perperam
440 1169 473 1224 et
495 1164 639 1248 egregia
659 1162 881 1244 disputatione
899 1162 1057 1240 ostendit,
1074 1163 1222 1247 quisnam

110 1249 155 1312 sit
187 1265 273 1311 vere
301 1245 503 1328 spiritualis,
535 1252 569 1310 et
598 1249 629 1310 in
654 1265 716 1328 quo
739 1246 785 1310 sit
807 1265 888 1312 vera
911 1248 1040 1326 agnitio
1071 1247 1223 1327 (γνωσις)

111 1334 179 1396 sita
203 1342 249 1405 (c.
274 1330 446 1406 cta-36.);
471 1349 567 1411 porro
589 1332 749 1394 neminem
775 1339 906 1415 praeter
931 1323 1034 1395 licum
1057 1348 1136 1395 esse
1159 1347 1221 1391 nu-

112 1427 188 1480 lura
224 1416 341 1478 bonum
375 1414 544 1488 ostendit,
586 1414 646 1478 sed
687 1414 787 1479 [teum
820 1415 1068 1498 sapientissimo
1111 1414 1223 1497 utique

112 1500 258 1565 corrsilio
287 1497 437 1562 omuibus
466 1497 636 1581 spiritibus
665 1500 787 1562 creatis
819 1499 955 1564 liberum
989 1500 1156 1563 arbitrium
1187 1500 1222 1560 et

113 1583 309 1648 facultatem
334 1581 547 1646 discernendi
569 1583 687 1646 bouum
712 1601 731 1647 a
755 1584 841 1647 mulo
869 1582 1026 1659 dedisse,
1055 1581 1222 1648 voluisse-

112 1685 199 1753 que,
229 1673 264 1732 ut
286 1667 332 1730 ita
354 1665 398 1728 ad
421 1665 655 1752 perfectionem
679 1665 841 1750 quandam
871 1668 1044 1732 relativam
1067 1664 1226 1750 perveni-

112 1760 189 1818 rent
212 1751 428 1818 tc.3l-—4l.l.
473 1749 547 1814 Hoc
568 1751 601 1813 in
625 1750 708 1814 libro
730 1751 904 1836 praeclare
927 1752 1075 1833 disputat
1099 1749 1226 1814 deve·

112 1837 176 1900 teri
202 1835 431 1912 Testamento,
452 1836 526 1918 ejus
550 1833 663 1900 indole
684 1839 720 1898 et
742 1834 904 1898 relatione
927 1835 969 1899 ad
987 1837 1114 1899 Novum
1137 1832 1224 1897 Tes-

113 1931 309 1986 tamentum.

200 2031 303 2095 Libro
325 2029 370 2094 V.
393 2028 554 2107 ostendit,
584 2029 744 2118 quomodo
767 2049 852 2096 unus
874 2035 909 2096 et
931 2030 1016 2096 idem
1041 2029 1133 2095 Deus
1155 2029 1223 2094 Pa·

112 2125 182 2194 ter,
207 2116 263 2198 qui
285 2113 439 2178 muudum
462 2114 606 2189 creavit,
629 2114 684 2200 qui
706 2114 815 2203 legem
838 2115 1022 2182 Mosaicam
1050 2113 1143 2181 dedit
1170 2119 1225 2179 at-

112 2219 180 2286 que
202 2197 390 2284 Prophetas
413 2197 456 2260 ad
479 2196 628 2265 homines
649 2199 841 2287 ablegavit,
870 2199 1012 2287 denique
1044 2199 1142 2266 etiam
1165 2197 1225 2262 ri-

111 2285 196 2350 lium
221 2284 385 2367 proprium
407 2281 527 2348 desum
550 2281 716 2348 Christum
740 2284 866 2350 miserit
887 2292 922 2350 et
942 2286 1083 2350 salutem
1116 2280 1223 2347 homi-

113 2369 163 2446 ni,
187 2386 286 2451 quem
307 2367 380 2452 ipse
401 2373 586 2448 creaverat,
609 2366 750 2439 dederit,
773 2368 880 2432 eidem
902 2377 1080 2453 praestans
1103 2375 1138 2430 et
1169 2382 1225 2430 re·

114 2451 358 2516 surrectionem
393 2452 560 2535 corporis,
601 2471 699 2536 quam
731 2451 805 2516 fuse
838 2451 1010 2535 solideque
1043 2449 1159 2533 probat
1192 2464 1212 2511 e

116 2535 257 2598 animae
279 2535 533 2611 renovationem,
553 2539 657 2618 quam'
671 2533 856 2599 luculenter
878 2533 1046 2606 describit,
1072 2551 1129 2616 per
1152 2548 1225 2611 my-

116 2619 261 2684 sterium
284 2617 521 2683 lncaruatiouis
545 2616 598 2766 qe.
625 2613 782 2704 l-22.)3
815 2622 882 2681 tum
906 2616 948 2681 de
970 2613 1088 2680 salutis
1110 2613 1229 2680 barma-

115 2721 186 2768 nae
208 2701 418 2780 aduersario,
453 2699 550 2766 diabo
566 2723 603 2779 o,
626 2701 767 2789 loquitur
789 2703 929 2788 ejusque
952 2700 1104 2783 depingit
1126 2705 1227 2762 natu-

114 2806 189 2852 ram
214 2781 270 2873 [c.
293 2781 474 2871 23-24·]3
503 2787 646 2872 denique
675 2786 885 2852 oeconomiae
912 2786 1032 2851 salutis
1062 2782 1227 2849 bumauuo

114 2871 218 2935 duem
240 2887 301 2934 seu
331 2873 641 2937 consummationem
674 2889 780 2936 rerum
809 2871 950 2935 omnium
983 2869 1139 2954 exponit,
1169 2861 1227 2952 (c.

113 2948 283 3044 es-:auj
307 2955 361 3019 ubi
384 2961 419 3020 et
441 2955 624 3034 opinionem
646 2974 739 3022 suam
763 2954 805 3020 de
827 2973 933 3040 regno
954 2953 1139 3020 millenario
1162 2949 1226 3016 ad-

114 3039 218 3104 struit
236 3039 292 3129 (c.
315 3037 480 3126 aa-ao.)
501 3041 549 3115 ⁹⁵).

143 3204 244 3270 Nota.
287 3206 484 3288 Fraqrucntu
509 3205 665 3268 nonnullo
694 3227 736 3268 ex
760 3203 893 3285 reliquis
924 3201 960 3269 S.
986 3203 1113 3266 irenaei
1137 3201 1226 3279 Ope-

285 3289 374 3354 ribus
403 3288 501 3352 hodie
531 3289 725 3370 deperditis,
755 3289 869 3367 partina
898 3299 1006 3360 certa,
1041 3289 1153 3364 partim
1178 3287 1227 3344 iu·

286 3386 395 3450 certa,
425 3387 581 3454 quotquot
602 3374 749 3436 iuvenire
774 3385 929 3451 proluere,
961 3369 1096 3431 exhibet
1120 3367 1226 3428 Editio

287 3456 415 3520 Veneta
444 3458 479 3522 P.
503 3457 529 3521 l.
564 3479 592 3536 p.
616 3462 786 3520 339-48.
832 3454 884 3520 Cf.
917 3453 1079 3516 Adruouit.
1112 3450 1227 3512 iisdem

216 3579 232 3594 -
287 3539 435 3622 praefixo
465 3539 568 3617 (ibid.
602 3562 632 3620 p.
655 3541 739 3620 338)
772 3551 803 3600 el
835 3537 975 3604 Dissert.
1002 3536 1043 3599 ΙΙ.
1077 3535 1146 3598 ΑΗ.
1170 3530 1230 3598 ΙΙΙ.

170 3867 202 3926 ⁸)
219 3863 383 3919 Posteriora
399 3870 470 3918 baec
487 3867 504 3918 5
523 3870 612 3928 capita
630 3867 664 3928 (l.
683 3880 710 3918 c.
730 3881 791 3930 cap.
810 3863 928 3921 32-36)
946 3867 974 3914 iu
993 3865 1130 3927 plantaque
1143 3860 1228 3911 codd.

229 3941 299 3987 Mas·
319 3941 529 3998 desiderantur;
548 3950 599 3986 nec
617 3941 727 3988 dublum
746 3951 808 3988 esse
828 3939 951 3996 uldotur,
972 3939 1036 3997 quin
1056 3937 1090 3983 ob
1110 3944 1230 3994 propug-

227 4011 324 4058 natum
344 4011 372 4058 iu
393 4008 629 4058 llscbtliaatarum
646 4020 764 4059 errorem
783 4009 872 4057 studlo
888 4008 990 4054 omissa
1009 4005 1113 4054 luerlnt
1131 4013 1148 4050 a
1166 3999 1230 4059 plu-

227 4079 308 4128 rlbus
326 4080 464 4128 librantis.
501 4073 607 4126 l’rlmus
631 4083 749 4128 omnlum
767 4090 801 4126 ea
819 4088 835 4125 a
854 4078 951 4124 codice
969 4087 1019 4123 suo
1039 4074 1117 4120 eruta
1137 4071 1163 4114 tn
1184 4067 1231 4112 lu-

228 4161 290 4198 cem
308 4151 398 4199 edldlt
414 4150 618 4200 Feoardeutlus
635 4151 786 4210 praemlssa
804 4148 882 4195 breul
902 4145 1091 4206 praelatione,
1111 4147 1162 4196 quo
1181 4132 1230 4178 ¹¹¹⁸

229 4221 348 4267 lrcnaeo
369 4221 506 4281 nlnrlteut3
525 4225 554 4267 et
571 4217 670 4268 nubloc
690 4221 717 4269 lu
736 4217 860 4268 omulbua
879 4217 908 4266 a.
928 4217 1038 4264 lreoael
1057 4200 1230 4257 erraremus·

231 4292 294 4338 sina
313 4289 442 4351 scrupulo
459 4292 573 4352 racepm
593 4292 669 4339 suot.
