2948 4662
1211 279 1275 340 295

300 435 424 502 idcireo
447 435 593 504 directus
623 444 674 502 est
704 437 757 503 hic
787 435 870 501 liher
900 437 941 502 ad
965 436 1186 507 Conlcssorcs
1207 442 1281 508 lto-

297 539 431 596 manos,
455 529 488 586 ut
512 542 532 586 a
554 521 734 586 schismate
758 529 790 586 ct
814 518 943 587 haeresi
967 543 1027 588 eos
1050 524 1279 591 dehortaretur

297 614 397 689 atque
427 607 460 670 iu
493 608 617 671 unitate
641 605 816 670 Ecclesiae
843 625 904 670 seu
934 606 965 669 in
997 627 1062 672 una
1091 609 1164 674 sola
1197 630 1279 676 reru

298 687 453 754 Ecclesia
476 697 703 754 conservaret.
758 690 877 774 ltaque
899 689 982 754 liber
1005 691 1069 758 iste
1091 692 1278 760 orthostatis

294 779 365 850 est,
396 780 432 838 ut
462 773 593 850 lideles,
628 773 770 838 maxime
797 793 877 838 uero
902 775 1141 854 consessores,
1179 798 1275 843 unam

296 858 403 922 solam
434 858 636 930 Ecclesiam,
669 865 765 922 extra
795 876 891 943 quam
922 859 1013 923 nulla
1040 864 1134 925 salus
1169 862 1276 934 datur,

296 959 394 1022 quam
427 941 580 1006 Christus
618 943 774 1006 llominus
809 961 910 1027 super
945 944 1076 1027 l'etrum
1114 947 1276 1024 fundarit,

294 1045 391 1109 quiam
415 1045 512 1090 unam
536 1027 617 1102 tore,
641 1043 703 1090 uec
727 1024 850 1109 plures,
867 1029 936 1107 jam
958 1029 991 1091 in
1017 1028 1130 1093 Veteri
1153 1031 1276 1095 Testa-

295 1117 404 1174 meutu
426 1107 573 1192 Spiritus
595 1109 633 1174 S.
658 1109 840 1192 praedixit.
861 1111 954 1191 cujus
977 1112 1136 1176 unitatem
1160 1113 1276 1178 fhris-

295 1200 350 1256 tus
372 1201 406 1258 et
431 1194 584 1270 dorostoli
605 1193 853 1278 significarunt,
875 1196 1024 1278 variique
1046 1201 1115 1280 typi
1140 1199 1276 1262 Veteris

295 1284 329 1341 et
352 1279 438 1342 Noui
461 1279 668 1344 Testamenti
698 1278 977 1364 praetiguraruut,
1012 1299 1073 1344 non
1105 1281 1275 1358 deserant,

295 1381 336 1424 uc
359 1369 393 1426 ut
414 1361 596 1427 schismata
619 1369 754 1426 auctore
777 1361 919 1434 diaholo,
942 1363 996 1446 quii
1015 1367 1191 1449 pernicicm
1213 1364 1274 1428 hu-

294 1446 382 1510 maui
403 1448 542 1533 generis
564 1465 697 1529 semper
718 1445 867 1520 molitur,
898 1454 1015 1512 exorta
1037 1455 1137 1532 ritune
1160 1457 1274 1513 extre-

293 1529 356 1594 mis
384 1531 500 1615 poenis
528 1529 633 1608 digna
660 1528 804 1614 tugiunt.
861 1527 962 1594 Porro
990 1531 1276 1598 schismaticorum

296 1613 401 1679 falsas
430 1614 717 1689 ratiocinationes,
751 1613 870 1697 quihus
902 1618 1148 1698 separationem
1182 1637 1275 1681 suam

293 1699 378 1763 tueri
406 1699 630 1769 conabantur,
663 1697 821 1770 destruit,
851 1699 926 1762 sire
956 1701 1080 1782 petitae
1104 1701 1226 1764 luerint
1256 1721 1277 1764 a

293 1784 450 1866 martyrio
481 1803 538 1865 per
569 1782 734 1868 gregales
761 1801 841 1846 suos
865 1781 1044 1866 aliquando
1072 1785 1201 1848 fortiter
1223 1795 1277 1848 to·

297 1865 413 1944 lerato,
434 1867 509 1931 siue
532 1885 551 1929 o
575 1865 783 1930 multitudine
805 1885 929 1942 eorum,
952 1867 1007 1948 uui
1030 1877 1143 1930 coetus
1166 1867 1277 1932 schis-

294 1952 432 2014 maticos
455 1951 719 2022 constituebant,
742 1949 816 2014 siue
840 1969 860 2013 a
883 1951 1041 2034 qualitate
1063 1971 1193 2029 eornm,
1221 1951 1276 2036 prii

294 2033 465 2099 schismati
489 2035 614 2100 addicti
638 2044 753 2105 erant,
773 2033 902 2098 scilicet
923 2033 1171 2100 Coniessornm.
1207 2036 1276 2100 [Je-

295 2119 393 2204 nique
416 2119 565 2185 hortatur
581 2117 757 2184 'schismati
780 2117 947 2194 addictos,
970 2125 1004 2182 ut
1028 2119 1069 2182 od
1094 2139 1189 2184 tinum
1214 2139 1271 2184 uc·

295 2223 363 2267 rum
387 2204 528 2268 redeant
549 2203 756 2278 Ecclesiam,
788 2202 904 2266 suleles
927 2212 1037 2266 antem
1064 2201 1182 2268 sedulo
1206 2223 1275 2268 mo-

295 2294 369 2364 net,
404 2295 439 2353 nt
469 2287 554 2354 hano
580 2288 738 2352 imitatem
768 2293 969 2352 conseruent
993 2288 1087 2352 hunis
1122 2288 1276 2372 operibus

296 2372 472 2437 vocatione
492 2390 556 2436 sna
576 2370 702 2456 dignis.

236 2523 281 2610 3]
307 2510 425 2589 Liber·
451 2515 499 2588 tte
524 2515 771 2602 mortalitate,
798 2527 929 2613 „inullis
951 2545 991 2590 ae
1011 2547 1095 2610 prme
1118 2528 1280 2607 omnihus,

299 2615 354 2698 qui
376 2615 639 2680 Ecclesiasticus
670 2614 786 2680 literas
809 2619 942 2686 inruant,
964 2611 1190 2676 ¹landabiliter
1218 2633 1278 2676 rio-

297 2696 370 2764 tus“
393 2701 439 2772 *h
461 2700 606 2783 scriptus
629 2705 683 2764 cst
705 2699 767 2762 suh
791 2698 926 2780 imperio
949 2693 1039 2758 Galli
1063 2705 1094 2760 cl
1120 2695 1277 2761 Volusia-

297 2783 340 2847 ni.
396 2783 478 2848 Cum
507 2783 594 2848 enim
634 2791 729 2867 peste
762 2787 943 2863 grassante
977 2780 1278 2854 animaduertisset,

296 2867 455 2950 uruusdum
485 2885 506 2932 e
534 2867 632 2950 plehe
654 2887 717 2930 sua
741 2867 795 2932 rcl
820 2863 1048 2930 imbecillitate
1069 2865 1185 2940 animi,
1220 2866 1275 2930 vel

300 2951 374 3016 tadei
399 2951 579 3037 parvitate,
601 2951 655 3016 uel
680 2948 856 3015 dulcedine
877 2947 1060 3014 saecularis
1083 2957 1188 3026 vitae,
1219 2951 1272 3014 vul

298 3055 400 3100 sexus
416 3035 563 3112 mollitie,
575 3035 630 3100 uel
643 3034 729 3119 quod
744 3035 884 3121 gravius
907 3039 971 3111 est,
990 3034 1143 3098 ueritatis
1166 3051 1279 3098 errore

300 3121 405 3183 minus
434 3125 526 3184 stare
556 3119 702 3194 sortiter,
731 3137 794 3182 nec
818 3116 961 3202 pectoris
983 3115 1035 3180 sui
1057 3116 1202 3180 diuinum
1227 3125 1280 3182 ot-

299 3219 363 3284 ‹pm
384 3203 538 3269 inuictum
561 3204 659 3267 rohur
680 3221 857 3276 exserere,
879 3217 989 3264 eorum
1013 3200 1140 3264 animos
1163 3201 1278 3282 dejec-

300 3287 353 3348 tos
374 3287 507 3373 erigere
527 3289 666 3367 statuit3
697 3285 771 3350 hinc
801 3291 836 3349 ut
859 3281 972 3348 mortis
995 3283 1142 3346 timorem
1166 3301 1277 3348 eorum

303 3367 419 3433 animis
440 3377 623 3448 excuteret,
646 3370 832 3435 luculenter
853 3365 1011 3442 ostendit,
1034 3385 1096 3430 nec
1114 3368 1279 3450 propriam

301 3460 435 3518 mortem
465 3473 545 3520 csse
572 3453 776 3528 timendam,
808 3469 870 3516 uec
899 3451 1056 3530 aliorum,
1093 3451 1147 3535 qui
1184 3452 1280 3516 nuliis

300 3537 441 3604 vinculis
465 3546 524 3604 aut
546 3539 655 3604 carnis
678 3544 734 3601 aut
756 3535 893 3619 spiritus
910 3537 1015 3616 juncti
1045 3543 1141 3613 sunt,
1178 3535 1281 3600 amis-

298 3619 423 3687 sionem
446 3623 521 3688 siue
543 3620 751 3688 metuendam
773 3638 853 3684 esse
876 3619 1088 3696 Christiano,
1125 3618 1198 3686 sive
1229 3620 1280 3685 lu-

298 3704 464 3790 gendum:
500 3707 564 3771 imo
587 3707 696 3790 potius
725 3703 847 3788 „honis
871 3701 1024 3768 fidelibus
1046 3703 1280 3789 gratulandum

298 3807 376 3856 esse
406 3789 621 3858 morientibus
652 3789 875 3870 demonstrat,
908 3785 1041 3874 quando
1071 3787 1167 3870 hujus
1190 3789 1280 3854 vitae

173 3989 383 4007 m

224 4089 254 4154 *l
272 4099 302 4147 S·
323 4102 472 4164 augustin.
493 4105 527 4153 tle
546 4105 745 4166 praedestinat.
765 4105 925 4154 sauctorum
944 4115 973 4152 ιι.
992 4100 1036 4153 26.
1073 4101 1115 4150 ct.
1135 4101 1208 4160 opum
1228 4099 1280 4172 lm-

278 4171 350 4230 pert.
367 4177 462 4223 contra
479 4175 585 4225 Julian·
607 4175 657 4222 ltu.
679 4172 707 4223 6.
727 4187 754 4222 ιι.
778 4172 819 4224 tt.
840 4177 867 4223 et
886 4185 930 4236 ep.
951 4169 1013 4224 217.
1034 4185 1062 4221 u·
1082 4170 1125 4221 22.
1163 4169 1233 4216 ltem
1251 4169 1280 4214 s.

277 4240 356 4292 Paul.
377 4245 406 4294 lu
426 4245 493 4296 Vita
511 4245 541 4296 8.
560 4243 695 4307 cypriam
713 4257 742 4294 ιι.
765 4243 790 4294 7.
