2866 4652
1120 349 1126 362 '
1206 339 1226 400 9

106 497 365 571 intercederet,
414 515 510 584 quam
548 471 691 566 nomiae
720 499 1010 588 concupiscentiae
1061 501 1227 595 iutelligi-

106 604 191 652 mus.
223 579 280 682 ll)
317 582 458 682 'Hasce
485 583 615 668 pcccati
647 584 821 669 sequelae,
849 585 966 674 quilius
996 587 1085 654 aliae
1118 602 1227 676 quoac-

106 669 185 735 dam
208 686 347 734 minoris
368 667 524 733 momenti
545 668 718 734 accenseri
741 673 892 754 possent,
913 669 1096 738 Redemlor
1110 678 1227 738 noster

106 754 158 818 ita
186 751 344 831 sustulit,
377 758 432 829 ut,
458 750 642 818 accedente
674 759 792 818 nostra
814 753 959 839 ipsorum
983 756 1227 842 cooperatione,

101 840 174 921 jam
197 837 230 901 iu
253 834 319 901 hae
340 835 411 901 vita
434 853 477 900 ex
499 841 596 920 parte
619 843 868 918 removeantur,
885 833 968 938 aa)
989 843 1121 925 penitus
1143 857 1226 907 vcro

106 924 145 988 in
170 920 235 986 due
257 919 386 985 demum
408 919 635 996 sacculorum,
658 921 691 986 in
714 927 853 987 aelerna
874 921 1024 990 uirurrum
1046 922 1227 993 beatitudi-
1279 1000 1285 1011 ,

108 1025 180 1084 ne,
208 1003 276 1070 sint
297 1002 531 1070 eliminandae.
574 1002 652 1070 Jam
675 1023 758 1071 vero
779 1003 935 1073 Christus
956 1027 1018 1092 per
1040 1006 1225 1075 doctrinam

109 1105 206 1156 suam
227 1087 438 1154 verissimam
459 1085 603 1154 coelitus
626 1088 774 1170 allatam,
795 1107 892 1176 quam
914 1109 988 1158 cum
1010 1109 1140 1241 penore
1162 1091 1226 1158 hu-

108 1191 210 1240 mano
238 1171 512 1251 communicavit,
547 1171 745 1235 irrtettecrura
775 1173 986 1240 obscuratum
1031 1178 1141 1242 umine
1165 1190 1227 1242 su-

108 1274 215 1344 pcruo
237 1255 460 1336 collustravit,
482 1272 524 1322 ac
545 1255 759 1343 ignorantiae
781 1254 944 1325 humanae
966 1259 999 1326 in
1021 1260 1122 1327 rebus
1136 1259 1226 1325 divi-

36 1391 47 1404 ,
108 1341 163 1408 nis
193 1341 355 1427 paulatim
383 1339 494 1428 magis
523 1339 703 1428 magisque
730 1341 984 1429 ingravescenti
1014 1343 1113 1411 tinem
1145 1343 1227 1412 feeit
1331 1360 1340 1387 ³

109 1424 361 1511 remediumque
391 1425 527 1508 attulit3
564 1425 612 1491 ita
644 1424 745 1492 etiam
778 1427 941 1490 coturnati
973 1425 1136 1496 lrominum
1172 1429 1226 1493 ni·
1275 1464 1293 1485 ·

109 1511 390 1660 mgn'rlrpspuantum
410 1507 608 1607 debilitatae
628 1508 720 1658 virels
742 1527 850 1660 rpotvas
879 1509 1023 1658 ilrJriudit,
1043 1529 1097 1663 ¹ac
1127 1513 1226 1578 robur
1251 1575 1254 1582 .

111 1609 617 1745 arontaltaillontl⁰
635 1611 854 1766 slijlllil
878 1613 947 1766 „d
966 1603 1226 1766 duliiani

113 1761 306 1830 coelestem.
327 1803 369 1817 -
450 1769 555 1830 ortem
578 1761 709 1850 quidem
733 1762 883 1848 corporis
904 1781 969 1827 nun
993 1763 1134 1830 abstulit
1153 1765 1226 1830 lle-
1257 1776 1262 1786 ’

114 1848 271 1928 denitur,
296 1845 356 1914 sed
388 1866 450 1934 per
474 1847 618 1914 futuram
647 1847 796 1931 corporis
825 1848 1099 1915 resurrectionem
1131 1846 1228 1914 nobis

113 1937 210 1998 certo
231 1934 424 2018 promissam
466 1949 586 2018 amque
615 1936 785 1998 ostensam
812 1928 926 1996 mortis
951 1930 1122 2018 confregit
1145 1948 1227 1998 acu·

111 2017 216 2083 lcum.
238 2014 296 2084 Sic
318 2017 432 2102 itaque
509 2015 637 2083 dcmlur
657 2023 772 2083 noster
793 2020 828 2082 et
850 2015 958 2101 ipsum
979 2015 1123 2082 extinxit
1144 2035 1226 2102 pcc-

112 2107 237 2180 catum,
259 2107 295 2167 et
316 2099 446 2188 pcccati
467 2101 641 2186 seneclus,
662 2120 748 2190 quac
769 2117 849 2168 sese
872 2097 1073 2169 diffuderunt
1095 2101 1128 2168 iu
1151 2099 1227 2168 ani-

112 2205 200 2254 mum
223 2191 259 2253 et
281 2203 416 2275 corpus,
438 2185 586 2254 sustulit

624 2375 662 2463 8.
686 2389 720 2452 d.

591 2525 756 2592 Ecclesia.

207 2664 364 2734 Christus
383 2685 465 2756 opus
485 2667 719 2737 Redemtionis
740 2662 907 2748 adjective
928 2657 1087 2752 periceit3
1109 2661 1230 2760 singu·

116 2751 161 2819 lis
198 2753 340 2836 iusuper
373 2753 559 2822 dominibus
590 2758 731 2839 peccata
764 2748 909 2824 dimisit,
945 2747 1083 2816 condem
1116 2748 1229 2814 ducunt

116 2836 303 2904 doctrinam
323 2839 444 2907 salutis
465 2845 501 2906 et
521 2837 634 2926 gratia
655 2855 717 2903 sua
739 2833 951 2932 contortavit.
995 2833 1228 2980 Y“¹¹P¹..⁰B¹¹⁸!

118 2929 185 2988 tarr
205 2921 415 3004 immensum,
467 2925 544 2991 unlc
565 2930 640 2990 eret
660 2921 843 2987 incarnatio
865 2924 901 2985 et
928 2935 1043 3002 passio
1065 2916 1140 2982 Fata
1196 2934 1229 2982 cr

118 3005 306 3094 Unigeniti,
326 3025 391 3073 uon
413 2941 465 3074 ndl
480 3013 619 3098 gentem
641 3011 766 3074 lantum
788 3001 976 3080 Juoaicam
993 3019 1056 3068 uec
1070 3001 1114 3066 ad
1131 3001 1229 3066 unius

117 3089 325 3158 solummodo
348 3091 426 3158 aevi
447 3091 597 3160 homines
620 3088 822 3177 pertinebat,
842 3083 904 3152 sed
927 3091 1032 3152 totum
1052 3084 1229 3152 humanum

118 3191 232 3260 genus
253 3174 427 3260 omnaque
448 3177 730 3263 complectebatur
752 3178 914 3265 tempora
1188 3251 1196 3265 .

207 3255 314 3338 onam
347 3259 500 3328 Christus
535 3279 579 3328 ex
612 3260 674 3327 lroc
708 3253 829 3323 mundo
861 3253 1011 3320 abiturus
1039 3270 1082 3319 ea
1110 3271 1229 3330 ornum,

122 3359 209 3430 quae
229 3343 261 3406 iu
281 3345 424 3410 salutem
446 3343 578 3411 lrumnni
607 3343 746 3432 generis
776 3340 851 3425 ipse
880 3337 1052 3422 inceperat
1079 3343 1114 3402 et
1144 3354 1231 3424 cge-

120 3433 190 3506 rat,
218 3425 319 3492 etium
347 3433 422 3513 pust
449 3427 636 3496 discessum
663 3445 758 3493 suum
785 3421 967 3510 perdurare
987 3420 1104 3518 voluit·
1125 3437 1230 3502 usquc

118 3512 152 3578 in
175 3511 307 3609 linem,
324 3529 432 3598 coque
452 3513 590 3582 consilio
615 3507 787 3599 apostulis
817 3501 882 3597 (ct
905 3505 1061 3592 implrcrlc
1082 3523 1124 3570 as
1148 3521 1229 3588 quu-

119 3613 275 3760 lectt
293 3585 1231 3762 litttlalttltllllltlt”attollite
1262 3659 1270 3668 ·

119 3757 225 3853 [Joh-
247 3763 306 3842 ²0,
336 3729 564 3853 etiss'oao]
600 3765 742 3836 eunucu
774 3723 1065 3860 alis'putestuten
1093 3757 1134 3826 au
1157 3755 1231 3824 sa-

119 3846 266 3914 vaudum
297 3848 475 3919 humanum
501 3869 612 3943 genus
638 3865 867 3918 necessariam
894 3843 1105 3932 relinquens,
1133 3859 1231 3928 quum
1267 3921 1270 3928 y

61 4195 66 4206 .
177 4111 208 4174 *l
224 4119 288 4172 (lat.
308 4123 343 4186 d,
366 4124 423 4178 170-
445 4125 523 4176 non.
545 4125 571 4189 7,
592 4119 633 4176 14.
651 4134 712 4187 seq.

157 4209 206 4272 ”i
224 4215 267 4269 Gt.
287 4219 396 4272 concil·
414 4221 541 4276 trident.
560 4233 629 4274 secr.
649 4221 675 4274 5.

138 4305 204 4374 ΙΝ)
223 4313 269 4368 Ct·
289 4314 465 4393 saefflpriant
484 4319 569 4385 optet·
588 4315 622 4371 oo
642 4317 702 4381 led·
714 4304 805 4372 Maur·
827 4317 914 4370 Paris.
936 4308 1004 4362 1726
1022 4321 1049 4370 p.
1071 4297 1143 4355 ¹29·
