2886 4660
1191 293 1230 358 81

117 461 261 524 cacteris
285 458 421 524 nostine
444 473 486 522 ea
507 457 614 522 omnin
636 455 873 542 intelligimus,
895 475 980 542 uuae
1002 457 1128 525 auctori
1161 461 1232 526 cui·

119 545 196 608 daur
221 543 280 608 vel
305 543 409 608 aetuti
434 542 565 625 proprio
586 549 685 618 sunt,
708 543 756 606 uti
776 548 856 606 sont
878 541 1029 608 delectos
1051 562 1178 620 rerum,
1198 552 1232 611 et

120 647 229 692 rerum
253 625 462 690 delectorum
486 625 669 708 dispositio,
692 627 861 710 ingenium
883 633 918 691 et
940 627 1069 693 indoles
1089 629 1234 694 auctoris

123 713 267 796 eJ’usque
289 709 560 774 circumstantiae
582 718 617 773 et
638 710 818 776 relationes
838 715 1009 790 externae,
1022 712 1148 800 lingua,
1170 731 1236 798 qua

122 814 207 858 usos
228 801 302 868 est,
325 793 429 858 lutino
451 793 505 859 rel
528 811 673 880 graeco,
696 801 729 859 et
751 793 877 943 frtris,
899 795 1074 874 educatio,
1096 813 1235 882 occupo·

124 881 237 944 tioues
258 885 323 940 etc.
371 881 497 957 drotum
518 885 626 942 nutem
650 879 749 963 npnel
764 897 858 943 amus
879 897 944 944 nou
966 879 1072 944 solam
1093 880 1236 946 exterio-

128 981 201 1026 rem
223 961 386 1026 sermonis
405 962 612 1046 superficiem
636 970 671 1026 et
693 963 867 1028 verborum
888 981 931 1035 oc
952 962 1128 1028 eorundem
1160 965 1237 1052 sig-

126 1045 351 1110 nificationum
372 1046 613 1130 proprietates,
635 1045 697 1110 sed
722 1044 876 1112 dictionis
898 1052 1099 1126 contextum,
1122 1048 1236 1112 clncu-

129 1130 232 1194 tiom's
261 1129 413 1202 sormam,
441 1129 569 1216 figuras
600 1128 757 1214 loquendi
785 1139 963 1196 consuetus
984 1139 1018 1196 et
1040 1131 1084 1194 ul.
1136 1130 1239 1196 Cete-

126 1233 196 1280 rum
220 1213 313 1280 leuia
334 1214 473 1298 quaevis
496 1213 677 1296 hujusmodi
700 1213 890 1280 discrimina
910 1233 974 1280 non
996 1215 1182 1287 sutorium,
1204 1221 1239 1280 ut

125 1299 243 1383 spuria
264 1315 344 1362 esse
359 1297 547 1378 judicemus
569 1295 639 1364 SS.
662 1298 793 1364 Petrum
820 1317 940 1386 opera,
970 1299 1237 1386 qnandoquidem

127 1381 288 1480 temporis
311 1399 494 1464 urogressu
516 1381 620 1448 minor
642 1381 804 1466 quaedam
829 1388 905 1450 sive
931 1383 1135 1451 characteris
1161 1383 1238 1449 aive

126 1467 210 1552 styla
231 1467 412 1532 immutatio
434 1465 584 1532 obtinere
612 1466 733 1549 potuit,
754 1467 789 1543 ‘l
822 1469 923 1533 uliam
950 1487 1080 1553 qnoque
1108 1475 1236 1536 tructo-

129 1551 232 1614 tionis
249 1548 435 1616 methodum
458 1558 525 1614 tom
543 1551 701 1615 materiae
722 1551 931 1626 substratae,
953 1571 1051 1637 quom
1073 1551 1233 1620 lectorum

130 1633 312 1700 diversitas
334 1652 566 1718 nonuunquam
588 1633 705 1722 exigit.
739 1633 910 1719 Ejusmodi
933 1634 1023 1702 levia
1046 1637 1237 1704 discrimina
1273 1647 1275 1650 ’

128 1719 354 1804 suspicionem
377 1718 509 1804 quidem
532 1737 665 1784 movere
686 1727 845 1803 possunt:
875 1739 989 1787 verum
1012 1737 1072 1805 per
1093 1742 1132 1788 se
1152 1720 1239 1796 sols,

128 1805 159 1869 si
181 1823 247 1868 non
269 1800 345 1868 sitis
367 1802 558 1869 fortioribus
579 1804 788 1886 argumentis
806 1805 1002 1882 fulciantur,
1030 1823 1114 1886 opus
1135 1801 1241 1886 quod·

131 1889 206 1951 duro
230 1905 293 1952 occ
314 1887 460 1970 spurium
483 1905 572 1965 esse,
596 1906 703 1972 neone
725 1887 825 1953 etiarn
847 1888 991 1963 dubium,
1005 1889 1163 1954 euincere
1179 1906 1241 1972 po-

130 1978 252 2037 terunt.
307 1971 438 2060 Magna
459 1973 572 2058 itaque
595 1979 630 2036 et
652 1971 798 2058 insignis
821 1971 1002 2040 diversitas
1035 1971 1239 2038 charonteris

130 2057 186 2121 vel
211 2053 292 2139 styli
316 2057 499 2142 requiritur,
521 2055 576 2121 uel
600 2055 728 2120 omnino
750 2055 841 2135 tutis,
862 2064 899 2123 ut
921 2057 1021 2142 plenu
1043 2055 1134 2123 adsit
1164 2075 1241 2124 con·

130 2138 286 2204 tredictio
309 2141 395 2205 inter
417 2146 580 2204 tinctorem
603 2141 720 2222 ejusve
743 2144 886 2208 oetatem
909 2162 951 2208 ex
973 2160 1059 2222 unu,
1080 2148 1116 2209 et
1145 2160 1271 2226 opum.

156 2223 222 2288 uod
244 2223 296 2289 illi
311 2223 485 2300 tribuitur,
507 2239 551 2288 ex
573 2223 680 2290 ultera
703 2230 815 2306 porte,
849 2225 966 2311 quodsi
997 2228 1076 2294 tulis
1106 2230 1240 2292 contro-

132 2245 239 2373 dictio
263 2307 362 2394 plena
382 2308 438 2372 vel
462 2307 557 2392 quasi
573 2308 671 2393 plena
684 2307 801 2388 aderit,
821 2309 886 2375 uisi
901 2308 1071 2377 evidentia
1088 2317 1144 2377 aut
1158 2326 1240 2390 gro-

130 2395 192 2541 li
214 2393 674 2553 iiiittiiit'ttiiiiii
696 2392 814 2541 llil?
839 2392 1242 2562 iiliuiiitiilti‘

375 2525 384 2554 t
675 2521 679 2527 “
1233 2523 1243 2554 i

170 2755 203 2812 *l
224 2758 266 2806 lla
283 2769 327 2807 ex·
345 2773 387 2822 gr.
411 2759 441 2812 S.
462 2763 685 2824 chrysostomum
706 2764 732 2811 in
752 2762 828 2823 stylo
846 2776 899 2812 ooo
919 2772 1029 2822 semper
1046 2763 1099 2810 stbl
1118 2761 1238 2812 siruilent

245 2839 321 2888 esar,
340 2837 369 2880 et
386 2837 548 2895 praesertim
568 2838 595 2883 in
616 2835 743 2884 uomitus
758 2831 997 2894 constantinopoli
1017 2832 1138 2888 nubitis,
1157 2844 1237 2892 orrum

245 2909 279 2947 eo
296 2905 418 2962 tempure
436 2906 611 2966 negotiorum
648 2903 717 2951 mole
742 2914 888 2963 oppressus
912 2907 960 2954 vix
979 2905 1107 2966 exiguom
1130 2913 1241 2959 onerum

244 2971 340 3018 iisdem
359 2975 558 3023 elucubrandis
577 2975 736 3032 impendere
753 2974 886 3036 valuerit,
905 2973 1033 3024 tortuosis
1051 2976 1133 3021 otiam
1148 2975 1243 3020 tiomi·

245 3040 343 3089 iterum
368 3045 480 3092 istarum
500 3044 655 3104 comptiores
673 3046 783 3092 nonnisi
802 3047 974 3104 exceptorum
995 3045 1130 3094 industrio
1149 3047 1243 3102 rumie-

244 3112 284 3157 ris
300 3117 484 3162 moservotoe
503 3115 624 3173 tuerint,
650 3116 752 3174 stylum
779 3115 943 3174 quaudoque
961 3115 1041 3162 solito
1067 3113 1148 3174 louge
1167 3112 1242 3162 iute-

244 3182 342 3228 rlnrem
362 3193 435 3232 esse.
456 3186 509 3233 rtrt
529 3185 600 3232 docti
620 3185 854 3240 animadvertunt,
872 3185 930 3230 viil.
951 3183 1125 3232 montinucon
1146 3186 1243 3234 Monit-

250 3255 277 3297 to
297 3251 398 3299 iiomit.
419 3256 453 3301 de
473 3255 603 3314 Eutropio
621 3259 700 3313 rapto
716 3255 761 3311 (τ.
781 3253 830 3300 ΙΙΙ.
850 3249 1168 3312 castrorumlocus
1189 3255 1244 3300 iio-

247 3321 305 3371 nll.
324 3325 359 3372 de
376 3323 450 3373 duda
468 3327 608 3378 eruditore
626 3325 673 3376 l't'·
693 3325 729 3372 ti.
749 3337 775 3383 p.
797 3319 874 3382 720).
893 3343 926 3358 ·-
944 3315 1069 3372 Saviitus
1087 3333 1133 3379 op.
1153 3323 1245 3369 tnout-
1285 3349 1296 3362 -

246 3388 346 3441 tsuoou
371 3393 469 3442 Monit.
498 3401 527 3446 in
548 3396 623 3444 ttom.
649 3396 683 3442 de
701 3394 866 3444 Cuaoannea
889 3392 935 3446 (Τ.
954 3393 1005 3440 ΙΙΙ.
1031 3404 1057 3449 o.
1075 3387 1151 3442 uutl·
1198 3389 1242 3438 cr.

246 3465 328 3510 etiam
349 3464 384 3512 da
402 3467 534 3525 criterio,
558 3467 627 3526 quod
643 3463 747 3522 petitur
765 3457 961 3522 exscriptoris
980 3461 1055 3522 stylo
1074 3461 1204 3510 tlunotat·
1226 3460 1246 3508 l·

245 3533 355 3652 owart.
374 3532 437 3584 vit.
460 3561 487 3574 -—
526 3534 662 3584 munitlun
688 3535 723 3580 de
750 3527 827 3584 stud·
847 3537 961 3584 monum
981 3532 1011 3580 Ρ.
1033 3533 1066 3582 ΙΙ.
1088 3541 1113 3577 c.
1131 3526 1175 3577 13.
1200 3522 1245 3590 (p.

250 3604 258 3648 Ι
301 3604 416 3664 amq-d·

172 3691 226 3756 ¹¹⁴¹)
246 3697 287 3744 ita
305 3707 350 3746 es·
370 3709 413 3760 gr.
430 3692 641 3760 &ammiras
660 3691 832 3760 inorerliuus
852 3703 886 3748 na
905 3701 996 3762 gratia
1015 3699 1111 3747 divina
1130 3701 1248 3761 ternpore

249 3765 429 3828 Bolsouuntns
451 3772 495 3818 snt
520 3771 650 3828 scriniis,
676 3771 728 3830 lia,
755 3779 824 3831 quaa
850 3775 933 3819 sowa
957 3771 1124 3829 scripserat,
1151 3777 1247 3831 speria

247 3840 434 3902 contradicim
468 3841 516 3887 sed
547 3834 629 3900 nujus
653 3841 877 3889 contradictionis
900 3844 961 3901 insa
985 3839 1079 3890 subdit
1103 3843 1247 3895 rationem.

248 3909 308 3956 rid.
331 3919 416 3969 supra
441 3904 467 3969 S.
491 3907 531 3962 18.
558 3922 583 3960 n.
609 3908 635 3960 5.
682 3910 724 3958 ltu
750 3921 830 3971 nomo
853 3911 1049 3974 allegoriarum
1075 3923 1140 3962 usos
1164 3913 1249 3959 ettam

247 3977 382 4040 frequens
400 3981 513 4029 saeculo
533 3979 690 4040 Apostolico
707 3985 756 4030 aut
778 3984 833 4032 virt
853 3983 1005 4042 Anostultut
1024 3981 1177 4031 characteri
1197 3988 1248 4025 nou

246 4051 429 4112 contradicit,
457 4061 517 4100 cum
537 4055 566 4099 et
585 4054 643 4112 tosa
661 4049 690 4095 S·
711 4049 810 4101 Pacuius
828 4063 924 4101 aarum
943 4064 1019 4102 usum
1038 4053 1151 4104 rototme
1169 4055 1249 4105 auer-

247 4121 309 4168 nat.
347 4115 579 4174 cr.r.cor.1u.
608 4115 985 4181 eo1.t.ooop.aouaor.
1007 4147 1033 4160 -
1060 4121 1119 4170 Nec
1137 4111 1249 4163 telum

248 4189 283 4236 ad
303 4193 427 4238 untomm
452 4201 543 4239 rerum
567 4193 725 4250 spectantes
749 4193 940 4240 contradicunt
963 4201 1057 4239 eorum
1082 4181 1248 4236 characteris

249 4261 470 4322 quandoquidem
488 4262 585 4311 sumni
606 4263 659 4308 viru
677 4261 743 4309 oiim
761 4262 812 4311 troc
830 4263 859 4312 tu
878 4263 955 4322 parte
974 4255 1153 4319 moruerunt,
1173 4247 1251 4310 vult!

1028 4349 1047 4407 ti
