2948 4662
239 321 304 390 288

366 474 608 544 commonionem
630 472 796 538 hebenum
818 474 991 559 cornipeta,
1016 492 1038 542 a
1067 475 1217 562 perfetio
1247 477 1347 556 (Dent

367 567 567 646 magmeutrror
589 555 824 655 accipientes.“
846 559 920 654 Lib.
944 561 973 624 5.
996 578 1025 624 c.
1050 561 1077 625 t.
1102 579 1134 625 n.
1160 565 1189 625 1.
1211 562 1255 628 ct.
1269 565 1346 630 Lib.

368 652 407 800 {l
423 644 600 793 {antona
630 644 662 707 2.
684 640 813 724 Concrl.
835 641 986 709 'ludent
1008 641 1106 711 Sese.
1135 648 1165 710 a
1188 664 1262 733 cap.
1294 651 1347 714 10.

303 853 340 924 5)
362 841 515 924 Denique
537 837 617 900 burro
641 857 739 918 opera
760 839 941 901 rrecerrnrr'rr
964 861 1045 918 erre,
1066 861 1106 904 ae
1126 851 1263 925 acceptu
1284 846 1348 924 ju-

366 923 575 1003 stificationis
607 920 721 1004 gratia
752 920 869 983 iterata
909 925 1100 1002 omittatur,
1139 923 1191 990 bis
1231 926 1348 993 ducet:

365 1008 507 1099 „Adbuc
529 1004 628 1070 etiarn
650 1002 877 1069 manifestavit
900 1005 1062 1086 (lesus),
1095 1015 1249 1092 oportere
1284 1029 1348 1076 nos

366 1115 440 1162 cunr
470 1089 647 1156 vocatione
675 1094 711 1152 et
730 1089 886 1169 justitiae
912 1093 1060 1171 operitur
1095 1093 1274 1170 adornari,
1312 1103 1350 1160 nt

366 1176 556 1262 requiescat
593 1188 694 1254 super
730 1190 792 1236 uos
834 1170 982 1255 Spiritus
1017 1172 1115 1240 Dei.“
1162 1173 1347 1260 „Quoniam

366 1265 439 1331 sine
461 1257 488 1324 S
514 1258 587 1322 iritu
612 1255 673 1320 [lei
695 1255 823 1320 salvari
845 1276 910 1321 nnn
934 1277 1128 1342 possumus,
1151 1261 1346 1327 adhortatur

364 1277 545 1430 Apostolus
568 1358 643 1435 nost
662 1356 721 1436 per
742 1338 838 1404 fidem
861 1347 896 1406 et
927 1351 1047 1404 curtam
1078 1348 1348 1409 conversationen

366 1442 567 1497 conservare
582 1423 739 1505 Spiritum
754 1422 830 1502 Dei,
852 1432 887 1489 ut
909 1445 972 1489 nnn
995 1426 1069 1492 sine
1092 1429 1347 1514 participatione

366 1510 484 1582 Sancti
525 1507 671 1574 Siritus
707 1505 787 1571 lacti
830 1509 1016 1574 amittamus
1051 1530 1192 1598 regnum
1234 1513 1349 1578 coelo-

365 1593 468 1665 rnm.“
512 1529 586 1657 bil.
608 1593 640 1657 4.
663 1609 692 1655 c·
716 1591 768 1656 36.
792 1609 824 1656 n.
847 1594 878 1656 ti.
901 1594 972 1658 Lib.
998 1596 1027 1658 5.
1050 1613 1080 1660 c.
1103 1599 1132 1660 9.
1155 1615 1188 1661 n.
1209 1597 1240 1662 3.
1255 1598 1348 1664 Con·

365 1682 419 1750 cil.
440 1677 588 1744 Trident.
612 1673 710 1743 Sess.
734 1678 765 1740 6.
787 1693 860 1761 cap.
888 1679 935 1744 15.
958 1685 993 1744 et
1015 1695 1089 1744 can.
1111 1679 1165 1745 at.

301 1794 346 1885 6)
368 1793 477 1862 Etiam
499 1788 542 1856 (le
566 1789 774 1854 Sacramenta
805 1787 1038 1888 Eraclarirtr'ue
1069 1791 1205 1879 saepius
1234 1793 1349 1877 loqui.

368 1887 433 2030 tu
452 1872 849 2033 litatis-{tulta
872 1873 1350 2046 tltfttlttttt'ab

367 2054 402 2114 et
422 2045 494 2111 suis
515 2038 687 2125 discipulis
709 2037 794 2104 dans
818 2039 988 2106 consilium
1010 1977 1140 2132 flesus
1166 2039 1349 2132 Christus]

368 2128 528 2218 primitias
553 2123 624 2190 [leo
648 2125 767 2190 offerre
789 2142 831 2189 ex
854 2125 925 2190 suis
947 2129 1128 2205 creaturis,
1154 2147 1219 2194 uun
1249 2132 1349 2215 qnasi

367 2211 543 2300 indigenti,
565 2207 627 2274 sed
652 2214 687 2272 ut
709 2208 773 2292 ipsi
796 2225 858 2274 nec
880 2208 1095 2288 infructuosi,
1129 2231 1192 2278 nec
1218 2213 1349 2300 ingrati

364 2300 442 2375 sint,
465 2313 538 2360 cum
584 2292 617 2358 ui
639 2310 681 2357 er
705 2297 859 2357 creatura
882 2293 979 2377 panis
1001 2298 1196 2383 estuccepit
1211 2305 1244 2364 et
1260 2317 1350 2386 gra·

367 2386 433 2452 tias
455 2379 538 2468 egit,
561 2313 696 2442 dicens:
739 2377 813 2442 Hoc
836 2384 889 2442 est
909 2396 1030 2464 corpus
1051 2400 1165 2446 mcum.
1210 2381 1254 2446 Et
1285 2401 1349 2448 ca-

363 2472 459 2538 licem
481 2463 647 2541 similiter,
676 2461 732 2547 qni
761 2467 814 2526 eat
849 2481 891 2527 ex
922 2481 963 2528 ea
985 2472 1154 2546 creatura,
1183 2475 1351 2552 quaeest

365 2549 547 2621 secundnm
578 2565 659 2624 nos,
687 2567 777 2608 sarran
801 2546 985 2632 rnrrffltinem
1015 2549 1174 2628 coaptemur
1199 2558 1277 2625 est,
1314 2560 1350 2617 et

366 2639 455 2704 Novi
481 2631 687 2698 Testamenti
719 2648 840 2694 novam
878 2629 989 2696 docuit
1022 2633 1219 2699 oblationem
1250 2629 1350 2722 (sen

360 2717 601 2794 sacrificium),
623 2731 720 2797 quam
744 2713 899 2780 Ecclesia
922 2716 964 2780 ab
981 2716 1151 2802 Apostolis
1173 2719 1349 2802 accipiens

361 2806 394 2868 in
430 2801 586 2866 universo
622 2795 741 2860 mundo
776 2799 872 2861 offert
903 2798 1007 2866 lleo.“
1050 2801 1218 2884 „Verbum
1246 2801 1349 2892 (Dei
1437 2821 1438 2868 ι

361 2881 451 2967 est),
474 2881 559 2965 qrrod
583 2882 718 2944 offertur
739 2877 833 2942 Deo“
854 2882 899 2952 ⁴).
943 2883 1017 2950 Lib.
1048 2889 1079 2950 t.
1111 2905 1140 2952 c.
1175 2887 1222 2951 ll.
1244 2906 1280 2952 n.
1315 2891 1348 2952 5.
1437 2891 1438 2898 ’

366 2965 462 3035 Adde
492 2983 565 3047 cup.
597 2962 647 3027 18.
671 2969 706 3027 et
728 2961 802 3027 Lib.
832 2966 863 3028 5.
892 2986 920 3032 c.
943 2973 974 3033 2.

445 3049 597 3113 Emicant
610 3047 643 3110 in
656 3043 838 3131 istoOpere
850 3050 998 3117 sublimis
1013 3053 1279 3138 perspicacisqne
1293 3054 1349 3119 in-

364 3133 456 3221 genii
469 3150 620 3207 acumen,
634 3132 784 3197 acerrimi
800 3132 918 3214 jndicii
941 3135 1086 3212 firmitas,
1101 3139 1180 3202 mira
1192 3137 1224 3202 in
1236 3155 1350 3204 exco-

360 3217 511 3308 gitandis
523 3216 730 3304 argumentis
742 3215 888 3296 ubertas,
900 3219 933 3284 iu
946 3219 1136 3308 deligendis
1147 3222 1300 3300 solertia,
1313 3225 1348 3287 in

363 3303 584 3400 proponendis
591 3299 751 3448 ¹pucilittos,
760 3300 793 3364 in
807 3302 1004 3452 refellgndis
1017 3305 1219 3371 adversariis
1233 3305 1349 3404 pisse

361 3391 680 3561 ltglttttodd
693 3403 919 3536 tortitia
934 3389 1349 3540 ttttttttttbtd

360 3579 431 3624 cern
444 3560 584 3622 afferunt
596 3552 774 3639 elegantes
786 3562 855 3620 ete
872 3575 908 3620 re
924 3565 1004 3622 nata
1018 3558 1141 3642 petitae
1151 3559 1348 3624 similitudi-

360 3663 438 3708 nes·
461 3639 597 3707 lectoris
621 3637 766 3722 denique
788 3638 928 3706 animum
947 3642 1095 3723 jucunde
1118 3651 1347 3708 recreatcon·

359 3689 611 3792 dita’iuterdum
632 3721 705 3785 sale
727 3728 764 3787 et
784 3721 916 3789 facetiis
938 3725 1061 3805 oratio,
1084 3731 1183 3811 atque
1202 3726 1344 3822 ,identi-

359 3811 433 3876 dem
462 3805 504 3872 ad
539 3806 641 3872 [lenm
671 3803 851 3870 sublevant
882 3816 918 3874 et
947 3809 1135 3876 accendunt
1166 3810 1210 3897 pir
1238 3813 1348 3876 animi

358 3891 535 3959 scintillae.
580 3888 618 3952 ln
641 3885 703 3951 boc
725 3893 836 3953 tamen
865 3892 949 3959 adeo
979 3895 1197 3980 praecellenti
1225 3891 1348 3980 Opere

235 4095 443 4116 ‚nu—*-

287 4207 313 4270 *)
332 4207 372 4258 De
397 4207 449 4256 bac
472 4207 502 4256 s.
522 4205 632 4254 irenaei
658 4205 781 4254 doctrina
806 4205 843 4254 ct.
869 4207 993 4256 Massuet
1019 4207 1090 4257 Dies.
1110 4209 1160 4258 ill.
1187 4211 1250 4260 Art.
1271 4209 1345 4261 Vll·
1435 4208 1436 4218 ’

338 4281 456 4342 Lumper
475 4277 505 4328 Ρ.
524 4277 574 4333 111.
592 4287 620 4338 p.
637 4269 791 4327 tua-not.
827 4269 929 4340 llltblct
947 4280 969 4330 t.
988 4271 1042 4330 Bt.
1061 4271 1251 4332 wll-91.
