2946 4654
211 301 274 368 tii

336 463 474 532 κανόνας
497 464 550 531 vel
573 463 715 549 simplici
732 459 964 532 eccellentiae
986 467 1201 553 nirncnpavit.
1224 469 1323 554 opus

318 551 414 630 linc,
436 548 522 616 ruod
546 548 708 634 pertingit
728 550 770 614 eb
792 545 883 616 Orbe
905 549 1040 616 ceridito
1063 556 1230 639 usquead
1253 557 1321 622 Vi·

337 656 442 703 renna
458 635 490 699 ia
512 631 724 698 Constantini
745 633 792 698 iii
816 629 871 721 (a.
902 631 977 700 825.
1009 655 1041 720 p.
1065 633 1144 702 cur.
1172 635 1235 723 n]
1253 659 1321 707 ve-

337 722 395 787 luti
418 716 623 807 prodromum
645 734 776 793 corum,
803 735 889 802 quae
920 717 964 784 de
996 723 1252 805 praeparatione
1281 731 1321 790 et

335 803 619 873 demonstratione
641 799 852 887 Evangelica
873 801 1025 869 editurus
1046 811 1131 884 erat,
1147 805 1318 874 Eusebius

303 905 307 912 ’
338 887 509 976 μναοηιίεῆ
528 889 590 968 l),
620 901 684 949 nee
720 901 785 948 nou
822 903 882 950 een
915 885 1009 951 busin
1038 885 1198 954 historiae
1231 910 1317 956 suae

336 971 614 1040 Ecclesiasticne.
638 967 843 1054 Praecipuus
866 968 1003 1036 Eusebii
1025 969 1057 1033 in
1082 969 1185 1038 hocce
1203 968 1317 1060 Opere

335 1075 458 1142 scopus
487 1073 528 1121 eo
555 1051 774 1128 collimabat,
803 1059 839 1116 ut
871 1059 1001 1138 tempus
1039 1060 1221 1137 statueret,
1245 1075 1315 1144 eruo

335 1145 476 1226 itinyses
497 1138 638 1212 vixerat,
661 1153 702 1201 ae
722 1141 905 1218 temporum
927 1131 1109 1208 ralionibns
1131 1139 1317 1226 diligenter

228 1269 230 1273 -
332 1222 506 1294 subductis
529 1219 782 1286 uiliillliosaicis
804 1213 987 1308 originibus
1010 1228 1068 1288 aei
1086 1227 1314 1307 praestantius

289 1357 301 1375 f
334 1316 391 1378 aut
413 1306 576 1374 uetustius
598 1303 737 1390 reperiri
760 1321 859 1389 posse
882 1305 1125 1374 demonstraret
1141 1309 1207 1382 ”a

244 1463 247 1470 ·
270 1420 316 1512 a)
340 1420 492 1484 Hirtia-in
516 1415 763 1492 Ecclesiastico,
788 1415 903 1482 decem
926 1416 1019 1483 libris
1041 1418 1206 1500 absoluta,
1225 1438 1314 1514 pene

334 1525 356 1574 a
377 1501 590 1572 Christianae
612 1497 788 1588 religionis
809 1499 957 1568 exordiis
980 1521 1086 1598 usque
1115 1503 1159 1570 ad
1193 1523 1214 1588 a
1259 1525 1312 1572 um

210 1700 418 1726 ...d-n—

261 1830 289 1890 'i
306 1833 372 1885 Vld.
390 1832 419 1883 i.
440 1831 470 1881 Β.
488 1827 621 1880 nocherii
640 1825 765 1878 Prasiai·
784 1842 813 1878 n.
834 1831 884 1879 iii.

241 1925 288 1990 ss)
306 1933 440 1982 Graecum
449 1927 564 1978 Euseblt
578 1925 653 1986 oeus
672 1926 816 1976 intercidit
828 1929 945 1989 'praeter
964 1929 1119 1992 fragmenta
1138 1931 1167 1980 et
1181 1913 1309 1998 μᾲιιῃ,

310 2015 379 2065 ques
397 2000 567 2048 recentiores
582 1995 756 2045 Graecorum
773 1995 942 2062 chronologi
959 2003 1119 2050 servarunt.
1138 2001 1195 2049 iios
1212 1997 1309 2051 sedule

311 2061 494 2131 undecunque
513 2067 642 2128 collegit,
661 2077 764 2128 easque
781 2079 830 2128 pre
848 2067 936 2118 lubitu
956 2061 1086 2120 inunum
1105 2073 1310 2121 consarcinatae

310 2153 365 2191 nen
390 2142 453 2189 nine
478 2138 557 2200 gravi
587 2137 754 2187 temeritatis
777 2140 841 2187 nota
862 2151 911 2200 pre
935 2141 1058 2202 genuine
1083 2139 1197 2192 Eusebi!
1218 2141 1309 2204 opere

311 2223 384 2261 none
398 2212 505 2259 demere
518 2217 535 2256 a
550 2217 582 2254 se
597 2207 727 2256 restituto
746 2210 1113 2274 venditavitlesAEesligen
1131 2210 1217 2273 operi
1235 2213 1309 2270 ieie,

309 2282 380 2345 quod
405 2279 525 2341 plurima
550 2277 631 2326 etlam
656 2278 713 2326 atta
737 2276 937 2341 chronologiae
962 2284 1094 2343 antiquae
1121 2284 1203 2332 vaide
1228 2283 1310 2331 utilia

260 2399 262 2408 ,
309 2351 519 2414 complectitur,
538 2347 667 2410 praefixit
684 2347 809 2398 titolum:
832 2347 993 2401 caesennae
1010 2349 1178 2414 Temperatur
1195 2355 1229 2402 eri
1246 2353 1308 2402 ios·

307 2423 435 2485 smltger
450 2419 578 2482 Lugduni
597 2420 696 2466 itstav.
718 2415 795 2468 1606·
815 2424 888 2470 auct.
908 2423 937 2470 et
954 2423 1094 2483 emendat·
1113 2423 1308 2472 amstelodami

313 2490 381 2543 1658
391 2492 441 2540 iot.
461 2486 852 2552 (ci..l.lt.Aueher.Preeiet.
870 2485 1008 2549 §.vtb-
1028 2491 1128 2542 versio
1145 2497 1238 2542 exstat
1255 2495 1308 2542 du-

306 2561 373 2624 plcs
391 2556 473 2622 liujus
486 2560 597 2622 Operis,
615 2563 731 2620 utraque
748 2560 950 2621 antiquissima,
969 2562 1059 2610 altera
1078 2563 1188 2622 listina,
1208 2565 1307 2612 Arme-

306 2638 388 2686 niaca
410 2633 510 2681 altera.
552 2630 716 2678 versionem
742 2629 858 2679 latinam
883 2633 1027 2681 adornavit
1050 2633 1080 2682 Ι.
1104 2631 1306 2695 Hieronymum

306 2706 355 2752 sed
381 2705 409 2750 in
436 2703 487 2750 hae
505 2700 635 2747 versione
654 2701 729 2758 eries
747 2697 846 2760 operis
865 2712 929 2761 pars
947 2703 1137 2765 desideratore
1162 2706 1191 2754 in
1215 2705 1306 2752 attera

307 2783 375 2821 vero
386 2775 465 2832 parte
475 2770 604 2830 piurima,
613 2777 681 2828 quae
693 2771 887 2828 praetermissa
899 2773 953 2834 ipsi
970 2773 1148 2832 videbanter,
1168 2774 1305 2834 interpres

306 2838 423 2903 adiecit,
448 2843 478 2888 ie
495 2839 619 2887 nomana
636 2839 756 2888 maxime
774 2839 906 2898 historia,
932 2846 963 2890 ut
985 2843 1066 2892 neme
1090 2843 1167 2905 iere,
1186 2845 1250 2906 quiri
1269 2843 1305 2891 sb

305 2912 421 2973 ipsemet
438 2905 574 2965 Eusebio,
604 2907 706 2968 quida
730 2907 760 2954 ε.
784 2909 950 2972 Hieronymo
967 2913 1119 2973 proiectum
1141 2915 1194 2976 stt,
1219 2915 1308 2979 possit

306 2983 448 3042 divinare3
468 2981 581 3037 insuper
599 2977 773 3027 librariorum
793 2981 974 3043 negligentia,
986 2986 1150 3042 praesertim
1169 2985 1306 3033 inmene-

291 3061 366 3100 ‘mm
385 3052 580 3108 et-teruporunr
600 3049 688 3107 netis,
712 3059 913 3109 saepenumero
937 3054 1035 3100 vitiata
1053 3057 1097 3102 cst
1115 3055 1183 3103 haec
1200 3055 1303 3101 versio.

305 3119 388 3174 Extat
406 3121 485 3169 hodie
504 3119 596 3166 versio
614 3121 666 3166 ista
691 3117 779 3168 letina
804 3121 919 3182 (additis
942 3133 994 3170 soe
1019 3125 1077 3173 ioco
1095 3123 1209 3173 cruceis
1229 3123 1304 3185 trag-

303 3192 418 3246 mentis)
438 3193 466 3240 in
490 3188 559 3250 opp.
584 3187 614 3236 S·
635 3189 795 3250 hieronymi
821 3193 867 3240 eo.
886 3189 1010 3242 Vallarsi
1029 3193 1062 3242 Τ.
1081 3193 1159 3243 viii.
1178 3193 1210 3242 Ρ.
1228 3194 1251 3243 Ι.
1270 3213 1303 3226 -

303 3262 404 3312 versio
420 3264 511 3310 autem
530 3257 706 3321 haematiten,¹
726 3261 756 3310 in
775 3271 825 3322 qua
845 3273 898 3310 nen
919 3263 994 3311 mode
1011 3265 1171 3312 sententiae
1188 3265 1304 3324 senten-

302 3335 367 3394 ttis,
395 3343 492 3382 verum
518 3329 681 3388 saepissime
706 3331 791 3379 etiam
815 3332 901 3379 verba
919 3333 1020 3380 uerbis
1046 3336 1168 3394 apprime
1187 3345 1305 3394 respon·

302 3405 386 3464 dent,
411 3400 526 3451 saeculo
544 3397 688 3447 Ecclesiae
707 3399 741 3451 v,
760 3403 924 3452 cenelunata
941 3406 1085 3464 utramque
1103 3403 1215 3452 exhibet
1233 3405 1305 3452 Pur-

302 3478 374 3531 tem,
401 3473 498 3522 altimo
521 3469 609 3518 solum
633 3469 734 3528 prioris
758 3469 847 3520 i‘a'rtls
870 3473 998 3520 sectione
1021 3476 1146 3529 exeeeu.
1190 3470 1303 3531 Optime

193 3575 196 3580 Δ
302 3545 379 3592 editu
402 3545 446 3590 est
469 3551 487 3590 a
510 3537 538 3587 J·
564 3539 595 3588 ii.
623 3539 763 3589 nucheria
785 3541 836 3592 seb
860 3541 961 3592 titulo:
997 3537 1304 3594 maticonensium

302 3610 486 3674 bipertitum,
504 3618 612 3656 armen·
629 3611 659 3656 el
676 3609 726 3662 let·
744 3610 859 3669 (additis
876 3623 926 3661 seo
937 3607 1006 3660 'loeo
1021 3609 1140 3660 creetis
1158 3611 1304 3674 fragmen-

205 3709 209 3714 ·
301 3683 353 3732 tisi
368 3680 497 3730 venetiis
517 3675 594 3728 1818.
621 3679 646 3726 ii
664 3677 760 3728 Partes
784 3683 812 3729 in
836 3677 885 3731 4⁰.
915 3702 948 3716 ·-
986 3679 1179 3732 cruditisslme
1197 3684 1231 3731 de
1250 3682 1302 3730 hee

301 3750 392 3810 opere
411 3751 586 3811 disputarunt
604 3747 741 3799 aramius
758 3751 894 3800 coemens
920 3752 948 3799 in
967 3753 1110 3812 separatu
1133 3755 1167 3800 as
1188 3751 1303 3800 Eusebii

300 3819 452 3868 chronicon
471 3816 553 3878 (cop.
572 3814 601 3866 8.
622 3819 785 3880 iliereeyml
804 3821 837 3870 'it
856 3821 933 3880 illil-
952 3821 984 3868 Ρ.
996 3821 1061 3878 ΙΙ.).
1091 3819 1126 3869 D.
1146 3821 1302 3872 Vailnrstos

301 3885 390 3948 (ibid.
413 3889 446 3936 Τ.
466 3888 540 3936 vill.
564 3889 595 3936 Ρ.
616 3889 639 3936 Ι.
665 3891 693 3938 in
723 3887 843 3947 trente).
893 3891 1082 3951 Hieronymus
1105 3890 1140 3938 de
1164 3891 1246 3940 Prote
1272 3895 1300 3942 tn

300 3959 425 4008 editione
443 3955 511 4020 opp.
529 3957 647 4020 sulpicii
664 3961 765 4008 severi
782 3961 814 4008 Τ.
834 3959 870 4008 li.
889 3959 1008 4010 litssert.
1027 3959 1063 4009 ii.
1082 3965 1112 4007 et
1130 3960 1199 4017 lii.,
1218 3973 1300 4023 pree-

300 4034 379 4078 terea
397 4029 431 4078 iu
457 4027 593 4090 smgrrlnri
616 4028 732 4092 libello,
757 4029 802 4078 eui
830 4029 948 4080 titulus:
984 4031 1024 4082 ile
1048 4027 1194 4081 chronicis
1219 4031 1300 4080 libris

300 4098 406 4149 duobus
423 4098 458 4148 ab
477 4097 597 4148 Eusebio
613 4097 727 4148 caesar.
746 4100 859 4159 seriptis
881 4103 911 4148 et
928 4101 1014 4152 editis
1032 4098 1164 4150 verenae
1185 4098 1251 4152 1⁷50
1268 4101 1298 4150 in

299 4167 365 4229 8⁰.,
391 4169 510 4230 denique
527 4169 556 4220 J.
574 4171 605 4218 Β.
625 4169 780 4220 dacherius
798 4169 923 4220 Praelat.
949 4171 978 4222 te
997 4181 1074 4220 seam
1092 4169 1221 4222 chronici
1241 4169 1298 4220 iiu-

299 4239 408 4290 seblsnl
426 4241 588 4291 editionem.
915 4253 918 4258 ·
