2944 4652
210 265 275 337 titt

211 432 448 503 verumetiam
471 429 684 520 gravissimis
707 425 956 518 mallensibus
982 425 1141 498 uniuersa
1163 429 1322 498 Ecclesia

213 520 389 588 Galbulicu
410 524 491 583 tunc
511 518 651 584 maxime
671 515 905 593 uillictabatur,
927 522 1043 581 tenere
1066 518 1323 601 compatiens*)

211 605 330 675 iisdem
355 621 411 690 pro
433 601 520 666 virili
542 614 716 668 occurrere
746 599 885 666 studuit.
944 599 1033 664 llinc
1068 602 1144 684 quia
1178 601 1324 688 urgebat

212 690 349 766 caritas,
371 705 413 750 ne
426 684 550 751 Christi
572 685 785 751 adversarios
808 683 851 750 de
874 689 1041 768 pasturum
1064 684 1219 752 absentis
1241 703 1324 771 pro-

213 769 529 856 ficerequidqnam
566 771 708 848 sineret,
744 769 845 833 otium
879 772 999 833 nactus
1027 768 1116 833 illico
1153 768 1324 834 adversus

213 858 410 923 Ariannrnm
446 855 486 918 im
513 851 633 919 ietates
666 859 772 938 utque
816 852 967 918 insanias
998 858 1181 935 composuit
1219 853 1324 916 libros

213 939 388 1006 duodecim
410 939 449 1001 ‹le
476 873 640 1002 diatriton
660 937 855 1021 inscriptos,
885 935 1002 1020 utribus
1024 942 1058 1002 et
1079 935 1322 1006 baereticorum

94 1092 97 1100 ,
213 1024 380 1091 versutias
410 1030 444 1087 el
466 1020 709 1087 catholicorum
740 1019 1019 1104 deceptiones-cc
1041 1020 1129 1086 male
1151 1020 1323 1097 credulam

213 1107 457 1194 simplicitatem
480 1105 566 1170 adeo
588 1105 768 1190 diligenter
793 1105 965 1188 exposuit,
992 1109 1027 1170 nt
1042 1111 1093 1170 'et
1122 1113 1324 1192 praesentes

214 1201 251 1260 et
272 1195 374 1278 lunge
398 1189 539 1275 positos,
569 1188 690 1273 quibus
710 1189 786 1274 ipse
806 1207 865 1273 per
885 1205 926 1253 se
947 1188 1114 1254 disserere
1137 1190 1217 1255 viva
1237 1207 1325 1256 voce
1440 1195 1441 1216 ¹

214 1289 279 1344 nun
311 1280 458 1361 poterat,
482 1272 738 1357 'perfectissima
780 1272 1011 1338 instructione·
1037 1273 1222 1361 corrigeret
1256 1275 1323 1350 t⁴).

213 1361 352 1445 Aliquot
379 1358 471 1422 exilii
501 1357 598 1422 annis
634 1357 761 1442 clupeis
791 1375 864 1421 cum
899 1373 929 1421 a.
956 1356 1030 1422 85&
1059 1375 1120 1442 per
1141 1359 1256 1424 literas
1275 1359 1324 1424 'ab

213 1442 393 1529 Episcopis
414 1439 555 1506 Galliae
580 1449 838 1526 acceptassent
867 1440 910 1506 de
944 1439 1117 1508 Saturnini
1142 1442 1325 1522 uiolentia,

214 1535 312 1680 ynam
343 1526 387 1590 de
408 1523 578 1590 Gallorum
610 1525 643 1590 in
673 1524 847 1590 retinendo
877 1523 945 1590 lide
977 1526 1167 1592 constantia
1200 1527 1326 1592 certior

230 1617 327 1678 actus
348 1616 452 1696 esset,
474 1609 629 1695 Episcopi
651 1607 799 1674 nonnulli
820 1607 936 1678 eedem
959 1608 1136 1677 occasione
1159 1609 1222 1694 ipsi
1247 1611 1327 1698 sig·-
1440 1617 1441 1620 ’

214 1695 405 1770 niticcront,
435 1709 515 1760 sese
545 1692 587 1758 ab
615 1708 656 1758 eu
685 1709 810 1779 cupere
836 1693 981 1774 rescire,
1015 1711 1101 1778 qnae
1129 1689 1326 1760 Orientales

214 1779 374 1864 Episcopi
397 1778 429 1844 in
453 1775 532 1845 fidei
550 1776 813 1862 professionibus
836 1785 995 1861 gererent
1016 1786 1051 1844 et
1068 1779 1271 1865 gessissent,
1287 1785 1326 1844 et

215 1863 295 1951 quid
318 1863 393 1950 ipse
418 1879 519 1947 super
551 1860 700 1926 omuibus
727 1879 843 1932 eorum
877 1860 977 1929 dictis
997 1864 1156 1930 sentiret.
1180 1876 1186 1950 ζ
1213 1861 1326 1928 Gallis

215 1950 314 2026 enim,
337 1945 556 2032 quibos-curu
577 1943 750 2010 admodum
774 1951 849 2010 crat
870 1946 955 2012 sides
968 1948 1130 2034 Nicaena,
1149 1945 1236 2012 bend
1259 1948 1326 2012 im·

215 2032 332 2099 merito
354 2028 454 2094 valde
476 2030 625 2110 suspecti
647 2035 742 2094 erant
764 2025 966 2108 orientales,
988 2039 1036 2095 tot
1058 2051 1215 2097 uovorum
1244 2030 1328 2096 ndei

215 2115 424 2181 formularum
461 2112 659 2178 conditores.
712 2113 848 2180 Eiterue
875 2112 940 2180 bae
969 2133 990 2180 a
1013 2115 1198 2182 Gallicanis
1220 2113 1326 2200 Epis-

215 2199 310 2285 copis
333 2193 458 2262 llilario
482 2196 582 2262 datare
605 2195 769 2280 rescripto
791 2196 823 2261 ei
850 2200 1059 2264 occasionem
1087 2200 1327 2287 praebuerunt,

215 2281 301 2372 quod
323 2279 532 2368 ringoliter
553 2281 592 2343 rle
608 2281 753 2362 dilaudat
775 2282 963 2365 appellatur
983 2285 1069 2358 m).
1107 2283 1190 2350 llluc
1214 2291 1327 2349 antem

214 2371 262 2434 eu‘
279 2369 311 2432 in
333 2366 418 2430 libro
441 2365 582 2429 maiims
603 2369 743 2454 animum
773 2364 932 2446 intendit,
964 2374 1001 2434 ut
1021 2368 1177 2455 Episcopi
1201 2361 1327 2432 lirien'-

96 2473 98 2476 ·
215 2453 304 2519 tales
322 2457 357 2516 et
379 2446 556 2534 Gallicini
579 2441 938 2534 contra‘ernmpentem
960 2453 1144 2519 nouissime
1165 2472 1209 2517 ex
1229 2449 1326 2524 Con-

203 2538 292 2603 ‘cllio
322 2533 497 2601 Sirmiensi
526 2531 672 2600 secondo
706 2541 749 2612 (a.
777 2535 866 2612 357.)
897 2537 1135 2610 Anomoeorum
1168 2535 1328 2601 haeresin

194 2621 507 2707 conspiraverant,
543 2618 604 2684 sed
629 2620 749 2683 mutuis
771 2623 880 2684 tumen
902 2621 990 2686 inter
1010 2641 1051 2688 se
1078 2621 1330 2704 suspicionibus

163 2739 165 2742 ·
217 2706 421 2780 laborantes,
444 2701 508 2765 etsi
533 2702 617 2766 forte
640 2719 704 2766 non
727 2701 901 2767 admodum
922 2704 1111 2779 sententiis,
1134 2711 1225 2769 certe
1244 2723 1331 2768 uer-

163 2783 167 2790 ’
217 2785 400 2854 bisudbuc
422 2782 647 2862 dissidebant,
679 2783 712 2848 in
740 2784 879 2866 synodis
902 2788 1051 2871 proxime.
1071 2786 1236 2852 babe'ndis
1255 2789 1331 2870 jam

216 2873 364 2946 intense
391 2868 625 2944 convenirent,
641 2883 694 2936 ¹ac
721 2868 914 2950 suspicione
942 2870 1029 2933 omni
1050 2869 1203 2954 deposita
1227 2872 1331 2936 sulem

217 2971 314 3018 unam
337 2950 617 3035 amplecterentur
638 2955 691 3027 †).·
742 2950 829 3015 lliuc
852 2957 1024 3036 postquam
1048 2952 1089 3017 ad
1112 2970 1330 3037 consequen·

217 3038 304 3108 dam,
329 3034 414 3120 rprod
439 3051 480 3098 ex
504 3051 567 3098 rino
591 3033 713 3098 Cbristi
736 3051 847 3099 amore
869 3037 1039 3115 tentabat,
1062 3056 1155 3121 opem
1181 3036 1332 3104 iliricum

207 3119 368 3192 ¹assiduis
400 3117 553 3201 precibus
582 3117 733 3183 exaravit
764 3125 799 3184 et
817 3120 1032 3202 impetrarit,
1066 3139 1130 3184 non
1160 3121 1233 3196 sine
1254 3122 1332 3188 tici

90 3270 105 3299 ‚
217 3205 349 3302 numine
373 3205 428 3268 sic
460 3219 644 3304 sermonem
678 3204 893 3289 temperarit,
930 3213 1027 3270 rit-et
1050 3205 1112 3272 sibi
1135 3205 1334 3274 conciliaret

218 3407 427 3425 μ

276 3517 309 3578 *)
323 3521 357 3638 ss.
373 3518 501 3636 ¹iiifltltarlius
519 3517 692 3635 ιΙΣὸΒιιιοᾱΙι
711 3531 739 3566 ιι.
763 3515 885 3569 1.2.»63
905 3523 933 3568 et
952 3516 995 3569 78.
1015 3518 1057 3570 ci.
1078 3519 1248 3570 P.Goustiaut
1261 3519 1334 3570 Vltro

344 3619 352 3635 .
399 3599 451 3636 rar
491 3599 519 3636 ιι.
577 3616 583 3632 .

254 3682 305 3744 **)
325 3685 415 3734 ltunnl
435 3684 536 3734 illator.
556 3683 666 3732 Eccles.
686 3683 736 3732 itu.
759 3681 801 3733 10.
827 3695 853 3732 ο.
872 3681 918 3733 at.
954 3685 992 3732 et.
1012 3687 1041 3732 S.
1061 3673 1151 3735 litter.
1172 3685 1330 3736 ds'l'riott.

323 3750 928 3874 lltllublat·„l1'i.‘l⁰llt2⁰.llll'⁰·
947 3758 981 3804 ³⁶
1000 3767 1026 3802 ⁰·
1046 3755 1110 3806 ‘lt
1129 3754 1191 3805 ³⁵⁹·
1228 3754 1271 3804 ⁰¹·
1295 3758 1330 3804 ¹'·

236 3915 306 3980 Μ)
324 3919 389 4040 {ab
406 3921 442 4038 ῗ.
459 3891 637 4040 nigror-ingles
656 3917 760 3978 Synod.
781 3930 807 3969 u.
828 3917 905 3969 t-b.
943 3917 986 3969 ci.
1007 3906 1036 3968 lt.
1059 3907 1278 3978 Constaut‘l'ita
1297 3925 1332 3971 s.

372 4001 413 4038 arr
445 4002 472 4038 ιι.
533 4013 558 4023 -
600 4015 609 4036 .

269 4083 302 4150 ’st
323 4090 352 4136 u.
367 4086 456 4137 littar.
477 4089 511 4137 du
526 4087 647 4148 [tyburis
666 4097 693 4136 n·
712 4081 793 4136 8-9.
813 4089 841 4134 et
859 4075 952 4154 113227.
973 4085 1012 4136 lle
1032 4087 1114 4149 impla
1134 4091 1186 4138 ista
1206 4087 1333 4140 formaria

324 4159 470 4222 sirmiensi
489 4157 576 4222 altera
596 4159 653 4205 vid.
673 4156 703 4204 s.
723 4155 847 4206 Eilarlns
865 4155 886 4204 i.
908 4169 931 4205 c.
951 4167 980 4206 ιι.
999 4153 1097 4208 9·rr.
1124 4171 1184 4209 curn
1209 4159 1272 4208 Not.
1294 4159 1331 4207 Ρ.

325 4217 492 4279 coustantii.
509 4217 512 4222 ’
531 4220 576 4275 Gi.
596 4235 678 4287 supra
695 4222 724 4286 8.
747 4223 805 4276 110.
824 4233 853 4287 ιι.
868 4223 920 4278 378
933 4219 1099 4286 notuit),
