2880 4660
1148 301 1205 366 191

118 465 186 548 pier
206 467 267 540 est,
290 461 392 527 vaide
415 461 671 542 commendatur,
693 461 817 529 diaboii
840 483 920 531 vero
941 466 1036 530 timor
1054 465 1209 551 explodi-

116 559 161 612 tar
190 543 325 634 [bland.
362 539 477 634 ull..)
531 545 617 611 Dein
650 547 846 612 udatr'rrerrtr'o
881 568 902 614 a
935 549 1029 615 melis
1052 549 1208 634 operibus

117 629 438 800 totttttttt‘rtto
457 631 800 800 antemittit
823 635 1074 782 attatei
1099 633 1209 784 tttt

118 799 389 948 attitiae
404 759 1206 952 trorunruouratorro

120 965 253 1031 hibentur
281 930 423 1050 (biraid.
442 901 549 1049 ix).
592 904 823 1048 D'ubitationii)
844 934 988 1033 vero'et
1017 969 1208 1036 iracundiae

119 1067 200 1112 soror
218 1050 356 1110 rrr'rn'rr'u
383 1048 468 1113 mata
488 1068 551 1114 seu
572 1049 736 1115 mundana
758 1050 861 1138 longe
890 1051 1082 1134 abjiciatur,
1116 1055 1209 1134 eujus

121 1131 240 1216 proinde
267 1151 388 1198 nexum
423 1151 495 1197 eum
524 1133 599 1198 istis
628 1133 756 1198 duabus
786 1143 821 1199 et
853 1137 1018 1220 pessimas
1050 1137 1210 1221 sequelae

119 1219 236 1300 exponit
271 1217 437 1301 angetusr,
479 1216 635 1282 induatur
668 1236 748 1284 vero
776 1217 928 1284 hilaritas
961 1217 1101 1306 (Marad.
1125 1215 1207 1307 Χ.)

119 1299 194 1364 Hine
207 1300 337 1383 jubetur
359 1301 511 1385 spiritum
532 1308 735 1376 terrestrem,
759 1302 813 1385 qui
835 1324 856 1368 a
878 1303 1011 1368 diabolo
1026 1310 1091 1378 est,
1105 1303 1208 1392 iuge-

118 1401 162 1456 re,
181 1393 211 1447 et
230 1381 372 1468 Spiritui
410 1383 521 1448 divino
556 1403 596 1450 se
632 1383 835 1472 adjungere,
870 1387 1032 1472 simulque
1066 1407 1102 1453 re
1132 1391 1207 1456 uiae

117 1465 269 1531 traduntur
291 1489 354 1553 pro
372 1469 465 1550 justa
487 1467 689 1535 discretione
711 1471 892 1552 spirituum.
915 1471 1018 1537 Porro
1039 1408 1205 1556 dupbcem

118 1551 307 1634 cupiditatem
346 1558 544 1641 pertractat3
577 1551 745 1637 cupiditati
781 1554 889 1620 malae
925 1556 1083 1622 resistere
1110 1559 1209 1640 jabet

118 1635 244 1721 augelus
273 1636 458 1713 Hermam,
490 1644 674 1717 aecontra
709 1636 823 1714 docet,
859 1638 1020 1723 quomodo
1056 1649 1208 1726 oporteat

118 1719 231 1786 serr-ire
257 1718 430 1804 cupiditati
463 1721 571 1785 bonae
604 1729 638 1786 et
660 1719 732 1786 Deo
763 1722 917 1806 placeret
947 1729 1046 1807 atque
1073 1725 1207 1790 tandem

118 1803 308 1952 &dupuguam
337 1823 411 1870 eum
435 1803 567 1870 diabolo
589 1804 768 1871 ineundam
803 1825 877 1870 eum
906 1806 1040 1871 instruit
1069 1803 1208 1894 [Marad.

192 1973 283 2039 Libro
302 1973 369 2039 ΙΙΙ.
391 1972 507 2038 iterum
536 1973 632 2038 varia
662 1983 845 2058 praecepta
872 1973 1009 2038 moralia
1036 1972 1210 2042 trartunrur

118 2058 266 2140 usurpatis
295 2057 410 2122 multis
439 2056 717 2122 similitudinibus.
765 2057 886 2143 Itaque
908 2057 1122 2122 similitudine
1145 2057 1209 2124 du-

116 2139 202 2222 plicis
222 2141 384 2220 ciuitatis,
417 2143 606 2226 praesentis
629 2147 730 2228 atque
752 2141 899 2218 futurae,
928 2149 1053 2220 manet,
1077 2149 1111 2206 ut
1133 2144 1208 2208 ani-

116 2241 192 2288 mum
216 2244 237 2290 a
261 2227 362 2290 rebus
385 2227 528 2291 terrenis
550 2225 646 2308 hujus
676 2227 765 2292 vitae
788 2231 823 2291 et
844 2225 1077 2312 cupiditatibus
1099 2232 1208 2294 terre-

114 2307 228 2373 stribus
255 2308 488 2374 abstrahamus
520 2316 554 2375 et
583 2310 626 2374 ad
655 2311 817 2374 coetestia
846 2310 1015 2376 desideria
1036 2311 1209 2397 erigamus

116 2389 241 2476 (simil.
253 2387 317 2476 1.).
346 2392 479 2480 Diuites
503 2392 546 2457 ad
569 2393 822 2459 beneficentiam
844 2415 880 2456 er
908 2412 1115 2478 apenperes
1137 2416 1210 2462 mo·

115 2487 228 2540 nentur
249 2475 454 2543 similitudine
478 2477 556 2543 ulmi
579 2486 613 2542 et
634 2477 712 2541 vitis
736 2474 867 2563 (Simil.
882 2413 968 2564 ii..)
1006 2477 1108 2571 Porro
1126 2481 1211 2562 justi

115 2565 151 2621 et
175 2571 359 2646 peccatores
386 2561 418 2626 in
449 2561 512 2627 hoc
543 2559 662 2626 mundo
686 2565 917 2644 comparantur
946 2560 1119 2625 arboribus
1142 2564 1211 2626 ari-

115 2640 175 2720 dis,
198 2643 288 2710 iidem
311 2647 342 2709 in
368 2644 472 2711 futuro
495 2645 634 2711 saeculo
657 2645 830 2708 arboribus
853 2643 969 2729 partim
993 2642 1107 2723 aridis,
1131 2664 1211 2730 par-

114 2727 167 2790 tim
186 2726 428 2809 'frondentrbos,
460 2737 494 2794 nt
520 2729 597 2796 inde
619 2729 754 2815 planum
775 2728 853 2805 fiat,
882 2727 967 2814 qrrud
998 2727 1085 2794 sicut
1112 2731 1211 2796 arbor

114 2810 223 2876 viridis
245 2817 285 2877 ab
308 2812 403 2878 arida
426 2833 491 2878 non
513 2813 637 2893 bieme,
659 2813 721 2878 sed
745 2819 876 2879 aestate
900 2812 1129 2900 distinguitur,
1162 2817 1209 2880 ita

113 2891 200 2958 barno
217 2897 328 2977 justas
350 2897 392 2962 ab
415 2898 536 2981 injusto
557 2917 622 2964 non
645 2897 677 2962 in
702 2897 764 2962 hoo
786 2896 924 2973 mundo,
947 2899 1009 2963 sed
1033 2898 1065 2962 in
1082 2899 1210 2980 jndicio

113 2985 250 3046 extremo
269 2982 510 3047 discernendus
532 2985 577 3047 sit
599 2979 730 3070 [Simii.
751 2981 810 3046 iit.
829 2977 926 3068 lv).
972 2981 1104 3048 tteinde
1122 2985 1210 3066 jeju-

113 3061 154 3126 nii
174 3081 257 3131 nera
287 3067 373 3130 ratio
398 3067 605 3152 explicatur,
640 3072 676 3131 et
703 3085 767 3146 rpra
790 3068 917 3130 ratione
938 3067 1065 3131 institui
1089 3067 1210 3133 debeat
1317 3143 1320 3149 ¹

114 3145 221 3240 spiritu
242 3152 371 3238 magis,
393 3171 494 3247 qurum·
511 3168 658 3247 corpore,
682 3149 1076 3246 ut·Deo·p1aeea·t,·iuse
1098 3151 1211 3216 disse-

115 3235 200 3328 ratur,
219 3233 376 3331 adjuncto
398 3234 612 3331 similutudine
633 3253 725 3330 serpo
748 3232 875 3311 sidens,
905 3252 963 3380 qap
986 3251 1117 3297 vineam
1140 3235 1211 3330 Do·-

114 3332 270 3487 ooora.
288 3317 636 3488 tetriora
651 3316 1213 3498 ,trutinanteaaron

113 3499 150 3545 ar
176 3484 383 3551 diuersorum
412 3505 583 3569 pecorum,
612 3502 697 3568 quae
720 3483 762 3546 ab
784 3485 851 3548 dtis
874 3489 1075 3567 pasrantur,
1107 3483 1213 3550 homu-

112 3583 181 3632 uum
203 3572 318 3636 variae
339 3569 545 3636 conditiones
568 3567 794 3652 explicantur,
816 3569 890 3631 sive
911 3585 1042 3646 eorum,
1065 3570 1119 3654 qui
1140 3589 1212 3634 om·
1330 3627 1333 3632 .

112 3648 182 3715 nino
203 3671 224 3717 a
245 3653 314 3720 tide
336 3653 550 3734 defecerunt,
581 3655 656 3718 sive
678 3668 809 3724 eorum,
839 3651 893 3736 qui
921 3651 954 3716 io
983 3653 1051 3716 alia
1073 3662 1212 3740 peecata

112 3736 265 3818 grauiora
289 3739 378 3824 lapsi
406 3745 506 3818 saort,
542 3739 616 3803 sive
639 3735 693 3821 qui
718 3735 817 3800 vitam
841 3737 1064 3821 poenitentem
1085 3749 1211 3824 agunta

112 3823 299 3902 exponitur,
321 3842 487 3910 quaenam
508 3821 576 3886 sint
596 3822 789 3905 voluptates
812 3820 947 3897 noxiae,
970 3839 1130 3902 quaenam
1154 3843 1212 3907 pro

110 3901 158 3965 eis
180 3923 308 3989 poenae
330 3909 540 3995 infligantur,
571 3926 611 3971 ac
634 3905 785 3991 quamdin
808 3907 895 3969 istae
918 3903 1052 3982 dorent,
1084 3909 1213 3972 demam

110 3985 182 4070 quid
204 3991 251 4054 sit
272 3993 361 4057 serio
386 3989 620 4078 poenitentiam
643 4007 758 4074 agere.
809 3989 1031 4074 Subjungitur
1056 3991 1214 4056 exhorta-

110 4069 153 4134 tio
179 4073 223 4138 ed
278 4077 512 4154 uenirentiam,
543 4091 629 4160 quae
665 4075 834 4156 plurimum
872 4072 1121 4138 commendatur
1155 4089 1215 4155 per

110 4094 356 4228 similitudinem
396 4177 577 4238 ramorum,
605 4159 675 4242 aui
709 4156 893 4221 homiuibus
927 4157 1070 4240 porrecti
1109 4155 1213 4246 fuere,

112 4255 244 4324 quorum
264 4261 325 4329 pro
348 4243 575 4330 subsequente
597 4241 734 4309 diversa
755 4240 891 4308 istorum
913 4257 1077 4306 ramorum
1099 4235 1216 4300 eondu-
