2886 4660
156 503 340 586 partesque
373 495 508 583 imperii
549 496 844 564 administrandae.
875 501 908 570 *i
941 539 981 553 -
1034 501 1130 567 Haec
1162 507 1274 571 tumen

158 585 291 658 omnia,
319 603 408 664 ciriae
430 603 473 646 ca
500 581 651 648 scientiis
683 585 831 664 [notariis
855 585 922 669 peti
952 595 1091 672 possunt
1122 588 1274 654 subsidia

159 663 205 734 sd
228 667 298 736 SS.
323 667 443 732 Patres
466 673 557 732 recte
578 666 838 752 intelligendos,
873 669 968 734 modo
992 673 1142 756 excipias
1165 673 1274 739 bistu-

160 755 253 820 ricus
270 752 427 816 Patribus
449 769 604 824 coaevos,
627 770 691 817 non
715 759 794 816 tnnc
815 753 942 818 demiun
966 773 1156 841 comparare
1178 777 1273 843 opor-

160 845 230 912 tet,
261 837 314 901 olii
338 839 408 916 jnm
436 843 566 921 tempus
595 835 682 901 roret
707 838 813 921 ipsam
842 836 910 902 SS.
936 839 1067 906 Patrnm
1095 841 1273 908 lectionem

161 920 369 988 instituendi.
412 920 495 984 'l'um
524 921 611 986 cuim
641 939 706 984 non
736 920 865 988 discere
899 922 1059 990 debemus
1090 926 1177 1002 ista,
1208 923 1272 991 sed

165 1005 345 1072 didicisse:
368 1005 532 1092 gravique
553 1010 587 1068 et
610 1005 796 1090 periculoso
818 1025 931 1072 cruore
954 1009 1182 1092 implicantur,
1206 1011 1272 1095 qui,

165 1108 254 1176 quae
278 1109 398 1174 pueros
420 1107 484 1152 non
506 1087 664 1156 didicisse
687 1099 780 1175 inrue
802 1099 875 1162 cst,
899 1110 939 1156 ea
963 1102 1081 1176 putant
1102 1113 1206 1175 usaue
1227 1096 1272 1160 ad

161 1180 369 1240 senectutem
392 1191 470 1238 esse
492 1171 670 1252 discendae
692 1175 814 1240 tamdiu
838 1177 924 1240 euim
945 1177 1020 1244 istis
1039 1177 1272 1244 immorandum

161 1269 236 1337 est,
266 1256 418 1344 qiramdiu
447 1255 527 1322 nilril
550 1257 679 1323 artimus
701 1277 806 1344 agere
827 1262 932 1342 niajus
959 1267 1086 1346 aelesti
1117 1281 1159 1326 ca
1180 1261 1272 1328 rudi·

161 1349 276 1410 menta
297 1351 374 1408 sunt
395 1351 527 1422 nostra,
550 1361 615 1408 non
640 1362 749 1427 onera.
771 1345 828 1426 *ti

659 1526 694 1616 S.
719 1545 771 1606 ci.

253 1681 323 1747 iii.
361 1687 526 1746 Acerranis
558 1681 748 1765 Tdculogr'ae
767 1688 905 1768 proprie
932 1689 1009 1752 tuiti
1031 1691 1183 1772 cognitio.

249 1853 340 1916 lntcr
362 1852 516 1917 subsidia
538 1871 636 1918 sacra
658 1853 870 1938 praecipuum
894 1854 1020 1920 obtinet
1040 1855 1146 1921 locum
1168 1875 1271 1922 accu-

164 1943 239 2005 rata
258 1936 467 2024 'theologiae
491 1939 621 2021 proprie
643 1939 722 2002 talis
744 1938 903 2018 cognitio,
925 1958 990 2024 quc
1012 1941 1143 2006 nomine
1159 1939 1273 2008 'l'beu-

163 2024 197 2088 lo
226 2023 259 2090 ia
279 2021 472 2107 dogmatica
494 2029 529 2088 et
550 2023 683 2088 moralis
703 2023 948 2108 intelliguntur.
994 2023 1165 2122 Dogmata
1184 2025 1271 2092 enim

159 2107 183 2173 n
209 2108 241 2172 ei
263 2113 296 2172 et
319 2126 442 2172 morum
464 2107 622 2191 temporis
641 2105 782 2173 decursu
811 2108 865 2174 uel
888 2128 909 2175 a
939 2109 1174 2192 posterioribus
1201 2110 1271 2176 Pa-

159 2193 269 2258 tribus
290 2199 349 2256 siit
370 2191 571 2256 Ductoribus
591 2191 767 2257 Ecclesiae
789 2194 978 2259 accuratius
998 2200 1035 2259 et
1061 2195 1270 2262 enucleatius
1313 2247 1317 2256 .

161 2278 362 2344 evolvuntur
383 2285 418 2340 et
444 2274 653 2362 explicantur
682 2276 863 2363 meliusque
893 2286 1117 2362 exponuntur:
1149 2281 1204 2346 vel
1227 2280 1270 2345 ab

160 2363 238 2438 insa
264 2359 421 2427 Ecclesia
448 2366 605 2428 accurate
641 2359 855 2438 deliniuntur,
889 2363 942 2428 vel
969 2363 1033 2449 ipsi
1067 2363 1270 2449 pedetentim

160 2446 287 2510 Patres
308 2443 482 2512 scribendo
503 2445 688 2529 iterumque
709 2444 888 2532 cogitando
909 2445 953 2512 ad
981 2446 1153 2512 clariorem
1186 2446 1269 2531 dog·

164 2535 291 2594 matum
312 2531 455 2596 notitiam
477 2537 511 2594 et
532 2529 797 2613 explanationem
828 2529 914 2594 enisi
942 2535 1040 2608 sunta
1069 2529 1181 2594 etsie
1209 2549 1272 2612 po-

164 2612 302 2678 steriori
330 2631 415 2679 aevo
448 2613 600 2680 notiones
628 2620 783 2680 accurate
816 2611 1094 2690 determinantur,
1120 2612 1271 2690 idoneae

164 2695 366 2764 adhibentur
395 2697 576 2764 divisiones
605 2703 641 2763 et
668 2697 921 2779 distinctiones,
959 2703 1158 2786 argumento
1193 2703 1271 2781 apto

162 2781 282 2848 ordine
305 2781 539 2868 disponuntur,
559 2781 667 2848 minus
688 2800 768 2848 uero
791 2781 900 2848 solida
920 2789 1149 2850 secernuntur.
1193 2783 1271 2849 Jam

160 2885 245 2934 vero
274 2875 454 2935 accuratae
483 2865 655 2946 notiones,
688 2865 829 2934 idoneae
862 2865 1064 2946 divisiones,
1096 2865 1208 2934 solida
1236 2874 1272 2933 et

160 2959 241 3037 apte
264 2950 429 3036 disposita
451 2957 649 3039 argumenta
680 2951 712 3017 in
737 2952 891 3019 Patribus
921 2951 1101 3039 aliquando
1134 2950 1271 3018 deside-

161 3043 296 3119 rantur3
325 3037 413 3102 rande
434 3055 520 3123 quae
542 3037 662 3102 Patres
682 3035 846 3101 interdum
869 3037 974 3103 minus
998 3037 1169 3102 clareant
1192 3053 1271 3118 per·
1387 3055 1394 3074 ‘

161 3121 291 3206 spicue,
312 3121 418 3186 minus
439 3119 548 3186 solide
564 3127 622 3187 ant
636 3119 788 3185 ordinate
804 3127 1054 3205 atroposuerunt
1076 3139 1140 3206 ope
1157 3120 1271 3186 Theo·

162 3203 278 3288 lagiae
298 3205 399 3270 multo
430 3205 562 3270 lucilius
591 3222 661 3270 com
688 3203 930 3278 reheuduntnrr
964 3207 1027 3272 imo
1055 3207 1156 3269 etiam
1184 3223 1271 3290 quae

165 3287 241 3372 ipsa
259 3307 321 3355 sna
343 3289 518 3354 altitudine
546 3294 603 3354 aut
622 3225 807 3354 suitilitate
835 3295 934 3372 coptu
968 3287 1155 3354 difficiliora
1182 3295 1270 3364 sunt,

164 3374 330 3438 accuratis
351 3371 595 3438 delinitionibus
614 3379 650 3436 et
682 3371 947 3437 distinctionibus
975 3377 1121 3457 optoque
1157 3368 1271 3436 ordine

163 3453 302 3542 digesta
323 3457 425 3522 multo
448 3458 553 3522 minus
575 3457 703 3542 negotii
726 3455 918 3538 facessent,
939 3455 1016 3522 dum
1039 3451 1273 3541 praeclarissi-

161 3556 217 3605 ma
239 3547 289 3604 tot
309 3541 516 3608 saeculorum
540 3541 678 3628 ingenia
700 3539 852 3605 continuo
874 3541 986 3628 magis
1008 3539 1108 3628 pinna
1130 3537 1271 3604 reddero

161 3739 373 3757 m

214 3861 248 3921 *i
267 3867 334 3918 vid.
358 3871 465 3921 Neritis
490 3871 652 3933 dignitatum
679 3871 823 3932 utriusque
848 3869 959 3930 imperii
984 3881 1045 3920 com
1070 3869 1272 3922 commentaris

268 3937 455 3990 nanciscitur
474 3941 746 3992 emeritensium
763 3941 903 4002 antiquit.
923 3940 1038 3990 noman.
1064 3941 1116 3994 (Τ.
1136 3937 1222 3998 vii.)
1241 3942 1270 3990 et

268 4007 429 4058 Gutlotredi
448 4011 552 4060 liuticis
570 4013 735 4072 dignitatum
756 4011 785 4061 iu
803 4009 856 4059 nna
880 4011 957 4059 'i'oint
976 4011 1025 4060 vi.
1051 4009 1117 4062 cod.
1144 4011 1270 4060 cleodo-

266 4082 357 4141 siunt;
381 4081 448 4129 item
471 4080 501 4130 J.
526 4081 558 4128 is
576 4081 668 4142 nyios
691 4083 726 4129 rie
744 4079 955 4142 magistratibus
978 4082 1152 4143 reipublicae
1171 4079 1269 4128 Roma·

266 4159 339 4266 ξω,
365 4151 479 4200 Parisiis
500 4145 577 4202 1812.
613 4148 656 4199 Gt.
682 4151 711 4200 J.
736 4151 772 4199 Α.
792 4149 916 4200 Fabricii
934 4151 1066 4202 iiibiiotii.
1085 4151 1186 4202 Graec·
1206 4145 1269 4194 voi·

195 4309 241 4371 ⁶⁶)
259 4316 328 4366 vid.
346 4319 375 4366 Β.
397 4314 540 4380 Augustis·
561 4318 596 4366 de
615 4318 739 4368 doctrina
757 4315 985 4388 christiana'lib·
1005 4321 1055 4369 iv.
1074 4328 1103 4365 n·
1122 4309 1151 4360 d.

1002 4407 1024 4468 7
1035 4403 1065 4458 ᾗ
