2866 4652
1189 299 1229 364 it

115 475 173 534 ter
204 461 443 530 sonoritatem
469 461 686 530 comilieturu
715 465 1020 546 oecumenicarum,
1051 484 1138 554 quae
1167 483 1231 532 uno

114 569 177 617 ore
199 547 331 635 plenam
355 551 546 633 certumque
567 547 635 616 SS.
666 547 799 616 Petrum
821 552 1094 618 consentientium
1115 558 1242 617 sucto-.

115 637 255 700 ritatem
277 637 465 706 testantur,
486 632 611 699 Summi
631 651 760 718 qnoque
781 634 958 701 Pontifices
979 635 1233 703 constitutioni·
1275 698 1279 710 ,

118 723 186 785 bus
207 718 403 802 frequenter
427 717 525 782 editis
550 717 692 783 eundem
722 717 823 804 plone
852 721 1093 787 confirmarunt.
1137 717 1232 787 Unus

118 803 266 870 omnium
287 801 362 865 loco
384 799 481 885 bnjus
507 802 703 868 assertionis
731 803 794 867 erit
820 804 919 869 lestis
941 802 980 870 S.
1002 805 1165 870 Martinus
1188 805 1231 882 l.,

118 889 182 974 qui
207 888 256 951 its
280 885 423 950 statuit:
467 886 597 970 „Licet
612 905 675 951 nos
697 894 755 968 aut
777 887 921 976 augelus
944 888 987 954 de
1010 891 1103 954 cocio
1126 903 1232 955 euan-

123 970 327 1059 geliraverit
360 970 476 1043 vobis,
512 979 647 1054 praeter
675 970 762 1058 quoi
795 975 984 1058 accepimus
1006 979 1041 1038 et
1063 989 1083 1038 a
1104 973 1232 1040 sanctis

123 1051 299 1142 apostolis
328 1058 364 1118 ei
392 1071 414 1118 a
443 1055 669 1139 probabilibus
704 1051 893 1139 tiyxpr'rmu)
927 1057 1085 1123 Patribus
1120 1062 1156 1122 et
1190 1058 1232 1122 ab

122 1138 348 1208 oecumenicis
368 1135 525 1236 synopis.
548 1139 725 1206 anathema
746 1139 823 1205 sit.“
845 1135 899 1228 tr)
942 1139 1060 1226 „Quae
1082 1141 1168 1206 enim
1189 1157 1233 1206 ex

122 1221 1234 1406 safer-:nuliiitinerationisula

122 1393 246 1458 Pruus
275 1397 375 1456 eitam
406 1394 765 1477 praestantissimorum
786 1393 964 1460 Ecclesiae
986 1394 1148 1472 uirorum,
1178 1409 1233 1478 qur

123 1478 197 1542 vita
217 1475 344 1559 optime
364 1481 467 1558 gesta
488 1475 736 1562 debellatisque
755 1495 887 1543 suornm
909 1487 1089 1564 temporum
1110 1475 1233 1543 errori·

124 1562 191 1627 bus
211 1558 453 1646 gloriosissime
475 1559 518 1626 de
540 1560 607 1634 boc¹
624 1562 760 1628 saeculo
781 1563 943 1643 exierunt,
958 1562 1096 1630 eandem
1116 1561 1233 1626 ‹leola-

125 1652 181 1711 rst
201 1642 442 1710 auctoritatem.
498 1643 559 1710 Sic
592 1643 629 1711 S.
654 1645 802 1712 Basilius
823 1647 973 1730 Magnus
1004 1647 1142 1733 prolatis
1164 1642 1232 1711 SS.

124 1730 262 1794 Putrnm
297 1727 496 1796 testimoniis
531 1727 679 1816 Spiritus
713 1729 751 1796 S.
787 1730 994 1796 divinitatem
1025 1729 1170 1795 asseruit
1200 1728 1233 1790 in

125 1814 214 1878 libro
236 1811 277 1878 ud
295 1810 570 1898 Amphilochium
592 1814 644 1878 sic
657 1811 695 1880 S.
707 1813 930 1898 Hieronymus
939 1811 1088 1879 Heluidii
1111 1811 1236 1898 dogma

125 1895 265 1974 revicii3
292 1895 342 1960 sic
371 1895 411 1962 S.
434 1897 487 1961 Au
537 1898 648 1962 atinus
678 1897 881 1986 Pelagianos
910 1897 1034 1963 refellit
1062 1899 1095 1960 in
1124 1892 1236 1981 Opere

126 1989 245 2050 contra
263 1975 432 2046 lulianum
453 1977 502 2045 Pe
518 1981 673 2070 aginnum
696 1979 771 2064 (lib.
794 1979 821 2047 1.
845 1987 879 2047 et
900 1975 982 2070 it).
1002 1975 1108 2062 Μ)
1336 2045 1341 2056 ,

210 2063 283 2130 Sed
310 2063 558 2215 quaemanibus
585 2071 720 2152 posset,
753 2066 862 2152 qualis
890 2065 1022 2132 l’airom
1049 2061 1236 2150 requiratur

123 2167 312 2216 cousensus
375 2155 480 2214 uirum
509 2148 553 2214 nli
585 2169 683 2215 unum
719 2169 833 2216 omnes
867 2151 1048 2217 convenire
1079 2149 1167 2215 iuter
1195 2161 1234 2214 se

123 2233 288 2308 debeam,
310 2251 353 2299 an
376 2234 586 2319 plurimorum
608 2234 753 2302 sufficiat
774 2251 970 2314 consensus,
993 2253 1089 2320 quem
1111 2241 1235 2299 vocant

122 2311 312 2384 moralem?
351 2317 486 2385 Petrum
507 2319 684 2385 consensio
708 2321 873 2402 tuncjam
894 2326 985 2386 recte
1007 2317 1132 2385 adesse
1153 2333 1235 2384 ceu·

123 2409 241 2484 seius,
268 2402 301 2468 si
327 2402 383 2468 vel
413 2419 499 2488 pene
521 2421 635 2469 omnes
658 2404 716 2469 uel
739 2401 852 2488 plures
873 2403 995 2468 saltem
1015 2420 1080 2468 nno
1103 2397 1234 2466 eodem-

128 2505 199 2570 que
222 2503 324 2550 senso
346 2487 530 2562 manifeste,
553 2487 760 2573 frequenter,
782 2495 1040 2572 perseueranter
1062 2483 1238 2570 quidquam

129 2575 305 2652 statuant3
326 2557 389 2657 †)
420 2571 493 2658 quin
517 2571 581 2636 imo
604 2570 736 2637 videtur
758 2569 931 2650 sulficere,
959 2570 990 2635 si
1018 2565 1143 2652 aliquot
1168 2565 1236 2632 Pa-

156 2825 159 2830 ’
183 2851 215 2912 ⁸)
233 2857 263 2904 s.
279 2857 394 2907 marono
414 2861 435 2908 1.
452 2857 542 2919 spise.
555 2857 705 2919 mneycrtca
723 2859 757 2906 su
775 2865 871 2906 omnes
884 2839 986 2905 cornu
1005 2853 1112 2903 rueres.
1132 2849 1235 2914 (maun

234 2924 266 2975 u.
285 2927 320 2976 x.
347 2928 403 2976 ool.
431 2925 523 2986 1180.)
566 2928 632 2978 vio.
658 2929 742 2976 etiarn
767 2927 796 2976 S.
823 2925 852 2978 Ρ.
870 2925 999 2986 Gregorii
1020 2923 1082 2974 Vll.
1109 2921 1159 2972 lib.
1185 2921 1234 2972 lv.

235 3001 318 3058 epist.
337 2996 365 3048 ὁ.
401 2999 505 3056 (Manat
522 2997 553 3048 'i.
572 2998 636 3050 xx.
656 2997 709 3048 col.
729 2991 875 3054 213-11.)

163 3087 211 3154 **)
232 3097 273 3144 lui.
292 3094 361 3144 thiu.
381 3097 435 3148 cul·
458 3093 535 3147 lilii.

144 3185 210 3251 *”)
230 3191 274 3243 cl.
292 3195 374 3242 etiam
394 3191 497 3242 Enseu.
516 3193 588 3243 illst.
608 3193 717 3242 Euclea.
739 3193 757 3240 Ι.
777 3189 804 3242 5.
824 3203 849 3240 ο.
869 3189 904 3242 28
921 3195 950 3241 et
967 3191 1075 3242 suern.
1093 3191 1166 3240 illst.
1182 3187 1236 3237 ilc-

239 3265 306 3312 cles.
326 3264 347 3312 1.
365 3262 395 3314 3.
414 3275 440 3312 c.
461 3260 487 3314 7.
534 3261 662 3314 Ceterum
685 3267 711 3312 sl
738 3266 784 3312 cui
810 3261 881 3310 sorte
905 3263 1001 3310 mirum
1022 3263 1168 3320 vincatur,
1192 3269 1236 3308 me

239 3335 283 3382 iric
306 3333 362 3382 loci
388 3336 564 3384 autoritatem
589 3335 637 3384 SS.
662 3333 772 3382 Petrum
799 3344 834 3380 ex
852 3331 1000 3380 autoritate
1018 3329 1161 3380 Ecclesiae
1186 3329 1236 3376 rie-

239 3406 348 3460 rirrrc‚
375 3413 491 3466 eumque
515 3403 544 3452 iu
570 3401 651 3452 bueus
678 3406 745 3464 ipsis
768 3404 818 3452 88.
837 3400 965 3450 Patribus
988 3399 1107 3450 mutium
1129 3400 1187 3456 uti,
1213 3397 1237 3444 ts

237 3477 367 3524 accurate
386 3474 539 3534 perpendat
556 3474 657 3530 veiim,
677 3485 732 3536 qua
748 3475 853 3522 ratione
872 3471 1043 3533 progrediar·
1080 3467 1238 3518 Auctoritas

235 3545 347 3594 scilicet
366 3543 477 3592 Parrum
494 3545 554 3592 ituit
573 3555 608 3592 ex
625 3545 788 3592 auctoritate
810 3542 970 3603 aeclesiam
1003 3538 1155 3590 Ecclesiam
1173 3545 1239 3585 veru

236 3614 384 3676 plurimum
404 3625 516 3675 semper
529 3615 679 3664 eorundem
699 3614 845 3663 consensui
863 3612 1013 3670 tribuisse,
1031 3611 1127 3672 sicque
1144 3619 1239 3656 corum

235 3686 413 3734 autoritatem
431 3687 596 3748 agnovisse.
616 3695 661 3734 res
679 3687 740 3746 est,
758 3693 828 3747 quae
846 3683 1011 3731 testimoniis
1029 3679 1168 3742 probanda
1185 3688 1238 3727 ve-

236 3757 294 3816 utt3
317 3755 403 3804 testes
421 3757 455 3805 sd
475 3755 577 3803 iactum
595 3754 664 3805 illuri
691 3754 918 3815 comprobandum
937 3753 1122 3814 proteruntur
1139 3747 1238 3798 vonot-
1304 3780 1306 3784 ·

237 3825 286 3878 lin.
309 3824 471 3884 Pontifices,
491 3827 544 3885 ipsi
562 3826 681 3889 denique
699 3827 811 3884 Patres,
837 3833 950 3884 quorum
974 3821 1077 3884 singuli
1104 3831 1156 3870 uon
1182 3819 1238 3870 sibi

237 3897 306 3956 ipsis
324 3895 512 3944 testimonium
533 3893 691 3958 perbibent,
717 3895 765 3944 sed
792 3901 961 3943 communem
979 3887 1121 3941 Ecclesiae
1140 3890 1238 3950 praxim
1265 3925 1273 3942 .

238 3967 316 4013 certa
334 3968 450 4026 quartam
470 3967 561 4013 aetate
579 3971 756 4026 conspicuum
773 3966 856 4026 nique
874 3963 1002 4013 testatem
1022 3963 1156 4018 reddunt,
1175 3961 1239 4008 lum

237 4035 334 4083 Patres
353 4039 473 4096 priorum
491 4036 664 4084 saeculorum
681 4039 715 4085 nri
734 4037 859 4098 logmata
877 4033 1061 4082 conbrmnnris
1079 4029 1213 4092 allegant.
1250 4037 1253 4043 ·

185 4123 222 4192 i)
240 4131 268 4181 s.
289 4131 368 4184 vine.
386 4133 475 4182 Lirin.
493 4131 684 4182 Commonitor.
703 4146 728 4180 c.
748 4133 775 4184 2.
796 4143 825 4181 n.
844 4127 878 4182 27
897 4133 926 4178 et
943 4127 987 4180 28.
1008 4151 1039 4166 -·
1076 4125 1149 4190 Quot
1174 4130 1242 4167 vero
1308 4170 1328 4199 ⁸

237 4203 384 4262 speciatim
406 4198 502 4252 saucii
525 4203 623 4252 Patres
647 4205 838 4266 requiruntur,
869 4204 901 4250 ut
926 4199 1057 4248 bulffltur
1081 4197 1241 4251 consentiit,

239 4277 369 4322 accurate
387 4274 504 4324 delinire
519 4271 696 4324 temerarium
715 4271 801 4337 locet3
818 4275 848 4324 8.
867 4269 1038 4334 augutinus
1056 4275 1082 4314 c·
1100 4259 1241 4312 lulianum
1367 4266 1374 4277 ·
