2886 4660
608 482 645 578 t.
667 503 720 567 tu

256 631 339 706 Uror
365 639 430 706 88.
456 641 587 706 Patruus
606 641 775 726 priuatas,
797 639 833 721 c)
862 641 1069 728 dogmaticus.

186 809 281 874 Usus
304 805 376 874 88.
401 808 535 873 Patrum
557 827 578 874 u
600 808 742 895 privatis
765 807 950 878 hominibus
964 807 1218 896 multiplexieri

104 898 234 978 potest,
255 891 461 977 potissimum
491 912 571 958 vero
598 891 640 957 ud
670 893 829 981 dogmata
861 895 1010 960 eruenda
1040 902 1074 960 et
1100 895 1219 962 confir·

106 975 249 1052 manda,
283 975 327 1041 ad
365 994 474 1041 mores
505 974 713 1052 formandos,
751 975 795 1042 ad
831 997 966 1056 sensum
1002 977 1143 1067 (leuique
1178 977 1218 1046 S.

106 1059 302 1144 scripturae
320 1059 575 1146 inveniendumg
598 1059 684 1126 unde
707 1059 792 1128 baud
815 1061 975 1128 immerito
995 1083 1076 1130 usus
1105 1063 1218 1151 priua-

105 1153 162 1208 tus
191 1143 408 1230 distinguitur
437 1146 471 1209 in
498 1147 729 1228 dogmaticum,
759 1146 909 1210 moralem
940 1151 976 1212 et
1008 1149 1219 1232 exegeticon.

107 1221 199 1294 Usus
222 1235 333 1292 autem
355 1227 568 1314 dogmaticus
590 1226 760 1314 multiplici
786 1229 902 1296 iterum
931 1230 1059 1297 ratione
1090 1231 1219 1296 institui

108 1312 398 1399 potestq-bootiuer
426 1315 547 1396 quippe
570 1315 701 1397 priuati
730 1331 771 1375 ra
804 1313 959 1396 Operibus
991 1314 1055 1380 88.
1085 1313 1219 1380 Patruus

107 1399 258 1482 dogmata
281 1397 416 1458 serrulam
438 1395 478 1459 ub
500 1395 651 1460 Ecclesia
675 1397 780 1460 deciso
800 1407 953 1479 proterruit
976 1419 1088 1464 eruere
1110 1408 1140 1461 et
1162 1398 1218 1460 ia-

106 1481 287 1563 orrtigore,·
308 1479 373 1544 iste
395 1485 505 1545 tamen
530 1500 610 1546 usus
631 1479 690 1546 uix
712 1479 755 1545 ab
777 1478 1010 1548 eruditissimis
1032 1489 1067 1546 et
1089 1481 1122 1546 in
1153 1477 1217 1547 hu-

101 1562 252 1648 jusmodi
272 1563 520 1648 quaestionibus
543 1563 828 1630 exercitatissimis
850 1565 932 1631 uiris
954 1573 1065 1651 potest
1075 1563 1218 1646 institui,

107 1648 166 1732 qui
189 1646 296 1732 amplo
317 1654 351 1712 et
373 1647 536 1732 profundo
558 1647 694 1735 ingenio
715 1647 877 1724 instructi,
900 1648 1115 1735 doctrinaque
1147 1645 1218 1714 Ec-

106 1731 236 1798 clesiae
256 1730 427 1816 praeclare
454 1733 567 1798 imbuti
595 1732 702 1798 omnia
730 1729 797 1798 88.
826 1732 961 1800 Putrum
988 1733 1116 1819 scripta
1143 1751 1218 1800 eum

105 1815 139 1882 iu
162 1816 262 1882 tinem
288 1815 449 1882 evolvere
482 1824 516 1882 et
546 1815 749 1901 perlustrare
782 1814 915 1895 valent,
944 1816 1053 1898 qualis
1080 1834 1133 1882 ex.
1191 1836 1231 1882 r..

107 1900 185 1966 olim
207 1899 269 1966 tuit
290 1898 328 1965 S.
353 1900 574 1988 Augustinus,
596 1898 652 1987 qui
674 1900 708 1964 in
731 1899 814 1965 libro
836 1898 863 1965 t.
887 1906 922 1966 et
942 1900 988 1964 ll.
1012 1905 1129 1966 contra
1149 1836 1219 1966 ib·

107 1981 230 2051 lianum
257 1985 385 2068 insigni
414 2004 484 2051 cum
518 1983 617 2049 laude
650 1982 713 2050 hac
742 1983 913 2069 prouincia
940 1981 1114 2052 defunctus
1147 1989 1218 2068 est;

107 2069 209 2134 ceteri
244 2069 410 2134 alaburc
443 2075 559 2134 tantae
581 2065 803 2135 ¹difficultatis
833 2067 983 2156 tantique
1018 2067 1218 2136 discriminis

106 2171 236 2218 manunt
255 2151 409 2218 modeste
430 2151 609 2218 retrahant.
634 2153 735 2218 Porro
757 2153 787 2218 si
809 2154 959 2240 privatus
982 2152 1121 2240 quilibet
1142 2153 1220 2221 doe·

107 2239 226 2302 trinam
259 2237 423 2320 utiquam,
457 2237 500 2302 de
532 2256 597 2322 qua
627 2233 783 2304 Ecclesia
809 2237 968 2320 judicium
999 2234 1218 2307 decretorium

106 2321 251 2387 nondum
272 2319 356 2400 tulit,
376 2339 397 2385 u
419 2317 486 2387 88.
510 2321 663 2387 Patribus
684 2323 970 2388 consentientibus
992 2327 1155 2408 tamquam
1174 2321 1218 2390 de

107 2404 174 2470 tide
198 2411 363 2470 assertam
385 2404 567 2484 invenerit,
604 2405 712 2470 cidem
734 2405 862 2491 absque
882 2423 1008 2471 summa
1029 2407 1218 2471 temeritate

106 2487 280 2575 refragari
300 2506 365 2553 nou
386 2487 522 2573 poterit3
544 2495 578 2556 et
599 2487 893 2574 quicumquealius
907 2489 1005 2554 istum
1019 2506 1220 2554 consensum

108 2579 206 2638 certo
228 2573 540 2659 cognoveruntque
563 2573 790 2658 perspexerit,
818 2570 927 2638 eidem
954 2569 1127 2636 doctrinae
1158 2588 1218 2636 os-

107 2654 231 2721 sentiri
254 2661 393 2720 tenetur.
414 2695 454 2708 -
496 2657 642 2742 insuper
662 2653 811 2722 homines
834 2654 953 2742 privati
983 2651 1052 2721 88.
1085 2653 1218 2722 Patrnm

108 2736 223 2826 Operti
252 2739 410 2807 et'olvtue
439 2748 597 2825 possunt,
634 2745 671 2806 ut
700 2739 929 2818 corfirmeatar
957 2739 993 2801 ia
1020 2737 1220 2824 dogmatilm

99 2824 197 2902 fidei.
242 2823 342 2890 Haud
374 2843 485 2910 parum
516 2825 639 2913 quippe
666 2824 796 2892 confert
825 2823 868 2890 od
899 2822 1027 2890 animos
1053 2822 1220 2890 bominum

106 2907 141 2973 iu
161 2925 248 2975 suna
270 2907 337 2974 tide
359 2909 613 2988 recumules,
634 2915 669 2976 ct
691 2908 912 2975 aberruribus
932 2906 1220 2994 praemuniendos,

108 2991 162 3056 ubi
183 3009 228 3058 ex
248 2999 400 3058 ueterum
422 2993 556 3059 Patrum
580 2993 722 3059 lectione
744 2992 869 3078 liquido
900 2999 1106 3079 perspectum
1138 2989 1219 3058 inti-

108 3095 226 3163 meque
250 3096 445 3163 persuasum
469 3076 609 3158 babent,
632 3077 752 3142 Patres
775 3078 1033 3164 antiquissimus,
1056 3081 1219 3162 quotquot

110 3157 154 3226 de
186 3161 294 3246 atiquo
330 3160 490 3246 dogmate
517 3162 623 3228 verba
651 3161 820 3239 lecerunt,
858 3160 949 3226 viros
983 3158 1218 3246 Apostolorum

110 3261 197 3309 aero
223 3245 350 3310 vicinus
380 3251 482 3330 utque
511 3247 597 3311 omni
628 3241 824 3312 eruditionis
860 3260 989 3328 genere
1020 3243 1218 3329 conspicuos

110 3347 153 3394 au
176 3329 353 3394 sanctitate
375 3329 542 3407 illustres,
565 3329 609 3394 de
631 3349 766 3415 quorum
787 3328 863 3394 sive
885 3327 1028 3393 scientia
1050 3326 1125 3392 sive
1147 3327 1220 3391 sio·

108 3411 249 3479 ueritate
277 3414 375 3479 netas
401 3419 512 3479 esset*
525 3413 699 3491 dubitare,
731 3411 850 3478 iisdem
878 3411 991 3477 verbis
1020 3409 1075 3474 vel
1097 3408 1219 3474 saltem

106 3495 223 3563 eodem
246 3515 349 3563 sensu
372 3496 514 3563 eundem
533 3497 630 3562 tidem
654 3494 820 3582 profiteri,
843 3515 939 3582 quom
962 3493 1061 3560 hodie
1084 3492 1222 3558 univer·

107 3599 147 3646 sa
168 3581 328 3648 Ecclesia
349 3579 515 3648 catholiea
536 3580 757 3668 amplectitur.
808 3579 847 3644 td
879 3577 966 3667 quod
990 3577 1131 3644 maxime
1155 3596 1221 3643 va-

107 3664 155 3731 let
176 3665 220 3733 de
241 3663 456 3752 dogmatibus
479 3663 577 3731 hodie
599 3665 641 3732 ab
666 3661 873 3731 acatholicis
901 3666 934 3730 iu
958 3661 1219 3730 controversiam

106 3751 249 3816 vocatis.
270 3788 313 3801 -
356 3750 541 3819 Praeterea
563 3745 675 3832 Opera
696 3747 763 3816 88.
788 3749 922 3815 Petrum
945 3746 1065 3815 bomini
1088 3747 1220 3835 privato

106 3830 141 3900 id
163 3834 319 3901 utilitatis
350 3843 525 3920 praestare
553 3839 714 3921 possunt,
750 3838 784 3898 ut
811 3833 988 3916 dogmata,
1024 3833 1221 3919 praesertim

107 3917 176 3997 illa,
197 3937 284 4005 quae
309 3917 561 3986 tundamentum
582 3919 700 3986 salutis
722 3916 886 3984 humanae
903 3915 1118 3995 constituunt,
1131 3917 1222 3980 olore

107 4011 138 4062 et
162 4005 341 4098 perspicae
370 4012 621 4152 cognoscentem·
656 4002 714 4070 illa
743 4001 830 4069 enim
861 4002 956 4067 varia
983 4006 1018 4067 et
1052 3997 1222 4096 multiplici

105 4087 232 4156 rotrone
263 4106 287 4152 a
314 4083 382 4156 88.
434 4087 562 4154 utribus
586 4092 791 4172 pertractata
818 4093 916 4164 sunt,
952 4083 1047 4151 modu
1070 4083 1221 4158 eruditis,

103 4169 197 4237 modo
220 4170 433 4258 simplicibus
455 4169 610 4255 expositu
631 4169 831 4250 tectoribus,
859 4188 946 4234 nunc
973 4166 1222 4260 methodonma·

101 4255 158 4339 gis
180 4255 417 4342 philosophica
439 4260 474 4324 et
496 4257 675 4336 accurato,
704 4272 793 4320 nunc
821 4252 923 4341 plana
945 4258 980 4316 et
1001 4248 1143 4332 simplici
1165 4261 1222 4310 ru·
