2886 4660
1192 313 1232 376 tl

121 469 318 550 credenda,
341 469 418 536 sive
433 469 606 567 'agentis
628 473 661 552 ⁴⁵)
694 471 848 559 adeoque
880 473 1107 541 securitatem
1140 494 1234 544 suam

123 557 265 624 otarius
300 553 441 622 euteudr
471 573 635 642 nunqnam
671 559 811 624 censuit
871 559 957 624 lliuc
985 559 1086 626 etium
1114 558 1235 627 Sancti
1325 615 1334 626 .

121 645 240 708 Patres
263 637 376 727 quoad
405 639 634 707 auctoritatem
655 659 750 708 snam
777 640 897 709 iisdem
923 643 1234 710 cucumscribuntur

122 727 295 794 limitibus.
324 763 366 776 -
410 721 508 821 Unde
528 725 657 824 quoties
672 725 844 823 'demeris
866 726 1015 824 profanis
1036 730 1144 824 rebus·
1157 729 1233 794 sive

124 807 379 958 ”illidii
394 809 756 959 retentetur?
774 813 1087 962 ,delictit
1100 813 1220 962 ''¹¹52‘'

126 913 195 1066 :22
215 913 343 1064 gingulfi
365 975 487 1057 privati
514 982 680 1044 auctores.
764 979 935 1045 oneranda
968 945 1115 1064 proiecta
1137 917 1234 1047 (gem-

127 1081 189 1150 per
215 1069 269 1128 eat
292 1060 469 1126 Ecclesiae
490 1057 755 1146 §rectorumque
782 1062 915 1130 Petrum
942 1065 1138 1138 auctoritate
1172 1063 1235 1130 sed

126 1165 215 1232 quae
235 1147 271 1211 in
287 1143 505 1242 'dogmatibus
526 1142 604 1210 fidei
625 1152 660 1211 et
681 1164 802 1212 morum
824 1154 879 1214 est
906 1149 1095 1215 certissima
1125 1149 1236 1236 magi-

123 1239 197 1298 stra
221 1233 393 1307 verutatas,
423 1227 525 1294 talem
546 1247 586 1296 se
613 1237 786 1326 praestare
821 1231 933 1329 ueqqit
952 1233 1003 1330 'iu
1036 1232 1103 1329 his·
1124 1231 1236 1310 etiam,

124 1311 431 1470 qqq'estqqqqeqlqrp)
443 1312 529 1380 fines
548 1319 782 1380 sauottssuuae
805 1315 979 1404 relrgrorus
998 1314 1236 1402 doctrinaeque

212 1509 299 1574 llise
320 1505 514 1594 praemissis
537 1506 624 1572 lraud
646 1508 709 1574 erit
731 1508 877 1590 dificile,
890 1509 1097 1579 SS.Patrum
1120 1517 1238 1579 aucta·

124 1595 262 1660 ritatem
282 1591 438 1678 deduire3
462 1597 497 1658 et
518 1590 604 1658 llaec
625 1598 721 1660 erunt
743 1594 928 1682 principia:

213 1703 240 1768 l.
266 1703 457 1766 serratorum
480 1701 612 1766 Patrona
633 1726 809 1781 coartentur,
830 1708 943 1771 cattam
964 1707 1108 1784 moralis,
1129 1709 1165 1768 t'u
1187 1729 1238 1769 re·

127 1789 185 1852 toa
206 1785 294 1865 fidei
318 1796 349 1848 ei
379 1807 515 1864 mareota,
549 1797 638 1850 certa
669 1797 699 1850 et
727 1789 873 1852 edentula
899 1789 1001 1871 pollet
1028 1790 1237 1852 ortcloritnle.

128 1872 232 1938 llnnc
250 1871 384 1937 Petrum
407 1887 606 1937 consensum
628 1870 663 1935 iu
686 1868 763 1936 lidei
789 1879 825 1937 et
851 1890 976 1938 morum
1007 1871 1159 1937 doctrina
1181 1873 1238 1937 vel

128 1957 139 2021 i
184 1974 206 2020 a
223 1955 377 2022 Ecclesia
398 1954 496 2032 eruit,
517 1955 572 2022 vel
594 1953 743 2020 homines
764 1955 889 2040 privati
910 1956 944 2020 iu
965 1973 1040 2022 cum
1060 1953 1236 2040 inquirunt.

127 1977 264 2106 xm„
295 2039 380 2105 euim
408 2037 620 2106 traditionem
645 2046 747 2124 atque
774 2039 984 2106 concordiam
1011 2039 1238 2124 uuusquisque

126 2125 227 2192 etiam
249 2141 370 2212 perse
392 2120 646 2210 deprehendere
667 2124 779 2200 valet,
809 2123 839 2190 si
861 2122 1004 2192 fideliter
1025 2129 1061 2191 et
1081 2130 1239 2190 accurate

126 2209 292 2276 Veterum
312 2211 524 2274 monumenta
545 2208 800 2294 perlustraverit
822 2216 922 2296 atque
943 2208 1149 2296 expenderit.
1193 2207 1239 2273 Et

129 2293 282 2380 quamvis
320 2309 485 2378 uunquam
513 2292 698 2360 certissimo
730 2295 860 2379 privato
898 2293 1081 2379 cuicunque
1116 2291 1240 2358 homini

129 2377 316 2455 constabit,
345 2395 384 2442 se
406 2377 534 2461 absque
556 2376 642 2442 omni
664 2395 801 2461 prorsus
829 2377 953 2442 erroris
974 2377 1121 2462 periculo
1139 2375 1241 2442 iutel-

128 2461 243 2548 ligere
272 2459 379 2525 verba
401 2459 569 2547 librosque
596 2459 796 2527 Sanctorum
825 2459 976 2538 Petrum,
1010 2465 1158 2525 attamen
1183 2458 1241 2524 ubi

136 2546 216 2629 quis
244 2542 412 2608 evidentia
436 2546 553 2611 morali
584 2545 777 2630 cognoscit,
806 2562 845 2609 se
872 2562 984 2608 eornm
1015 2560 1119 2606 seusa
1140 2542 1243 2606 intel-

134 2627 285 2703 lexisse,
308 2645 472 2714 quousque
494 2629 593 2695 aliter
613 2631 656 2697 ab
680 2627 837 2694 Ecclesia
857 2643 923 2693 uon
945 2625 1145 2700 edoceatur,
1168 2641 1243 2689 oer-

134 2718 202 2778 tarn
233 2709 370 2777 credere
400 2711 534 2780 debebit
563 2711 770 2790 doctrinam,
828 2729 902 2777 uam
933 2709 966 2775 in
997 2710 1039 2776 iis
1067 2708 1181 2776 verbis
1209 2713 1244 2774 et

130 2795 226 2862 libris
263 2797 422 2864 communi
457 2804 493 2865 et
526 2797 693 2864 constanti
726 2731 852 2864 calcrsso
885 2801 1047 2861 assertam
1080 2791 1242 2860 contineri

133 2879 584 3054 ttetttttllgltttli
597 2877 1243 3032 illitteratitilttllt'tlt

136 3049 280 3134 possint,
303 3054 362 3114 aut
380 3050 511 3117 omnino
532 3049 686 3118 debeant.
724 3048 796 3116 Sed
817 3049 915 3115 istam
937 3047 1147 3114 traditionem
1169 3045 1244 3111 evi·-

135 3132 320 3200 dentiorem
343 3139 379 3199 et
400 3133 561 3200 divinitus
584 3141 707 3200 certam
730 3134 887 3200 Ecclesia
908 3131 1028 3199 deiude
1053 3130 1144 3209 iacit,
1167 3127 1243 3196 dum

138 3215 299 3302 dogmata
317 3218 394 3305 ipsa
415 3218 541 3284 statuit
576 3219 696 3304 Neque
718 3216 870 3283 dubitare
892 3217 1032 3303 amplius
1054 3215 1145 3295 licet,
1166 3213 1245 3297 quin

139 3299 274 3368 Petrum
296 3301 431 3368 chorum
443 3301 599 3369 Ecclesia
620 3302 724 3390 probe
746 3299 961 3377 intellexerit,
982 3304 1017 3365 ei
1037 3299 1111 3364 siue
1133 3315 1245 3362 urorc

138 3403 244 3452 sensa
266 3385 417 3467 illorum,
448 3384 623 3454 collective
645 3392 847 3466 sumturum,
883 3383 1102 3467 interpretata
1135 3381 1245 3460 fuerit,

137 3587 349 3599 -——

184 3705 218 3771 ¹⁸¹)
237 3709 282 3760 ct.
299 3709 517 3765 Eli-Marator·
536 3713 571 3763 de
583 3716 680 3777 lugon.
699 3711 832 3761 moderat.
852 3709 902 3758 lto.
923 3711 946 3759 l.
966 3719 991 3757 c.
1014 3705 1045 3760 ts
1063 3717 1243 3778 seqqprae.

244 3785 342 3831 sertim
361 3796 388 3833 c·
410 3783 453 3835 17.
476 3781 519 3834 18.
543 3782 584 3836 19.
602 3785 647 3835 tt.
667 3781 712 3834 to.

167 3873 220 3940 ”l
240 3877 284 3928 cl.
304 3880 333 3929 8.
351 3881 485 3933 vincent.
502 3879 591 3934 Elrlu.
610 3879 802 3931 Commonitur.
821 3887 846 3926 c.
866 3871 912 3928 28.
932 3897 965 3912 -
1001 3877 1031 3928 ln
1050 3877 1164 3924 historia
1182 3885 1248 3934 spa-

243 3951 340 4000 clattru
361 3951 560 4002 Ecclesiastlca
584 3955 670 4001 testes
687 3949 837 4010 aliquando
855 3949 938 3998 eruut
961 3957 1065 3997 summu
1088 3945 1141 3994 tlte
1159 3943 1247 4005 digni,

244 4021 276 4067 et
294 4021 345 4069 hoc
363 4023 414 4070 aab
433 4023 561 4083 respectu
582 4021 732 4072 auotoritas
750 4029 844 4069 corum
870 4021 926 4069 erit
943 4018 1098 4069 definienda
1115 4025 1152 4063 ex
1169 4014 1249 4073 prla-

245 4093 340 4150 erptts,
360 4101 432 4153 quae
449 4094 604 4153 generatim
624 4092 659 4142 de
677 4091 796 4140 testibus
812 4091 943 4142 historiae
960 4089 1014 4140 tide
1032 4087 1125 4150 dignis
1143 4082 1247 4138 valeria

245 4161 281 4210 de
300 4163 402 4222 qntoos
421 4163 527 4212 videsis
544 4161 573 4211 J.
595 4159 760 4214 lintrenstulr
778 4161 931 4210 lutroduct·
950 4160 979 4208 lu
998 4158 1102 4210 illator·
1122 4149 1232 4200 nuclea·

984 4244 1044 4312 Η
