2886 4660
199 291 242 359 td

282 455 328 546 b)
359 459 500 544 Quidam
536 463 680 550 denique
711 460 826 548 Opera
861 465 1088 550 supposuere,
1115 461 1209 528 nullo
1242 463 1314 530 alio
1417 508 1420 533 .

197 547 356 626 consilio,
376 565 473 634 quam
495 560 531 613 nt
553 549 638 612 ulios
658 547 849 631 decipiendo
870 569 904 612 re
924 550 1012 630 ipses
1028 557 1236 625 recrearent,
1259 569 1314 612 re·
1417 567 1435 594 ¹³

196 653 290 716 cepae
312 643 499 696 exercerem
521 635 558 696 irc
578 634 660 714 rtplo
676 632 808 696 Poleam
828 632 1005 708 intrando,
1027 629 1091 697 ltao
1113 631 1191 698 moli
1205 632 1313 699 ralio-
1434 647 1435 678 ³

196 734 241 782 ue
263 722 418 782 auctores
440 716 590 784 nonnulli
611 721 774 784 tractatus
796 716 935 783 edidere
956 714 1087 782 nomine
1104 713 1143 782 S.
1162 713 1312 803 Cypria-

198 800 250 875 ni,
274 799 439 866 Ambrosii
460 809 496 867 et
526 800 716 889 Augustini.
762 801 827 867 Ast
854 800 939 866 haec
960 795 1071 885 Opera
1100 801 1311 886 suppoueudi
1434 825 1435 831 ¹

172 884 281 950 'ratio
304 884 475 954 rarissima
497 884 564 952 dici
588 885 700 966 debet,
723 885 919 974 praesertim
940 884 1029 950 inter
1050 885 1218 969 antiquos.
1232 887 1265 966 *)

281 994 435 1064 Ceterum
448 999 637 1084 generatim
648 999 752 1082 mujor
762 997 1000 1085 suppositionis
1012 995 1160 1080 suspicio
1171 996 1204 1062 in
1219 998 1310 1064 tales

188 1079 289 1146 cadit
308 1080 576 1160 lucubrationes,
628 1100 689 1147 uas
716 1081 807 1147 incili
836 1096 938 1170 opera
970 1080 1165 1166 confingere
1192 1100 1236 1147 ex
1258 1082 1310 1150 rei

195 1171 316 1230 natura
341 1165 441 1245 licuit,
463 1101 644 1252 cujusmodi
665 1171 767 1231 sunt:
796 1167 972 1244 llumiliae,
995 1166 1173 1232 Tractatus
1193 1183 1308 1232 mora·

195 1248 248 1315 les
269 1250 326 1316 vel
349 1251 488 1317 ascetici
512 1252 705 1323 breviores,
738 1247 851 1350 Opera
880 1249 1116 1336 pertractantis
1137 1251 1308 1318 materiam

196 1333 240 1400 de
262 1352 327 1417 qua
343 1336 413 1418 jam
436 1335 493 1400 alii
516 1335 637 1402 l'atres
660 1334 778 1401 fusion
798 1335 1003 1420 scripserant
1024 1335 1173 1414 calamo,
1204 1353 1308 1422 prae-

190 1421 309 1485 sertim
331 1418 431 1484 etiam
454 1419 699 1487 Commentario
721 1419 754 1484 in
783 1420 886 1485 libros
913 1417 952 1486 S.
981 1415 1199 1506 scripturae,
1229 1419 1309 1505 qui·

189 1502 259 1568 bus
281 1501 493 1589 explicandis
511 1505 580 1588 Jum
603 1504 729 1590 aliquot
749 1504 870 1570 Patres
891 1505 947 1569 vel
970 1503 1034 1568 viri
1062 1502 1181 1569 cruditi
1208 1503 1307 1570 insu·

197 1585 373 1654 doverant.
443 1589 565 1656 Minori
603 1588 791 1678 generatim
834 1587 970 1654 obnoxii
1002 1593 1082 1654 sunt
1123 1585 1306 1674 suspicioni
1421 1620 1424 1635 ι

195 1670 375 1738 Tractatus
397 1671 441 1738 de
463 1671 540 1752 lide,
562 1671 604 1739 de
627 1672 852 1758 dogmatibus,
860 1672 904 1739 de
926 1671 1028 1742 rebus¹
1049 1669 1305 1752 difficilioribus,

198 1753 242 1821 dc
265 1756 453 1842 mysteriis,
480 1777 543 1825 nec
565 1777 631 1824 nun
660 1756 754 1837 libri,
788 1757 843 1845 qui
872 1755 1000 1823 autad
1030 1755 1220 1838 historiam,
1248 1765 1307 1824 aut

169 1885 172 1892 «
194 1839 239 1906 ad
263 1840 470 1924 disciplinam
492 1842 783 1920 ecclesiasticum,
805 1847 863 1908 aut
885 1840 927 1907 ad
951 1841 1213 1907 cuutmversium
1235 1859 1306 1908 cer·
1420 1830 1423 1875 ²

193 1925 219 1990 ti
242 1925 413 2008 cujusdam
436 1927 514 1992 aevi
535 1927 719 2012 pertinent,
746 1926 936 2011 plerumque
958 1924 1086 1991 demum
1108 1927 1209 1991 etiam
1231 1925 1307 2012 epi-
1421 1946 1423 1961 ¹

192 2007 312 2086 stolae,
335 2011 413 2094 quia
434 2009 593 2094 ejusmodi
616 2029 718 2096 opera
738 2017 773 2077 et
795 2010 991 2098 diligentius
1016 2008 1305 2090 describebantur,
1419 2072 1422 2085 ,

193 2099 229 2157 et
255 2091 432 2159 sollicitius
460 2093 741 2176 asservabantur,
767 2102 803 2162 et
830 2095 935 2184 longe
969 2091 1139 2162 dilicilius
1174 2094 1306 2162 consuu-
1417 2126 1422 2175 ,-

193 2174 372 2258 peliuntur.

685 2365 722 2454 S.
757 2377 812 2443 et.

440 2516 612 2602 Principio
634 2518 720 2582 ortis
736 2515 881 2582 Celticae
898 2517 1053 2604 pontico.

273 2683 345 2778 llis·
360 2684 554 2767 praemissis
571 2686 641 2768 jam
662 2683 812 2752 stabilire
833 2683 929 2763 licet,
951 2701 995 2751 ex
1017 2681 1132 2770 quibus
1153 2684 1304 2752 criteriis

191 2760 347 2859 dignosci
368 2765 494 2852 possit,
521 2775 629 2832 utrum
652 2786 737 2855 opus
759 2768 894 2855 aliquod
922 2766 962 2835 S.
986 2767 1095 2835 Patris
1116 2767 1302 2856 genuinum
1421 2846 1424 2859 ,

190 2853 252 2926 sut,
269 2864 311 2911 an
333 2849 490 2931 spurium.
531 2848 672 2918 Criteria
692 2852 812 2939 prioris
834 2853 973 2954 generis
995 2871 1152 2918 vocamus
1172 2852 1304 2938 princi·
1421 2872 1424 2883 ·

188 2927 246 3013 piu
268 2928 510 3028 artiseritioac
533 2935 694 3032 positiva,
719 2943 913 3021 postenuns
936 2955 1017 3004 vero
1039 2938 1210 3024 negativa
1242 2936 1302 3002 ln·

184 3020 241 3078 ter
261 3016 425 3100 principia
446 3017 590 3102 positiva
612 3020 749 3102 primum
771 3022 879 3088 locum
907 3026 1049 3107 occupat
1073 3023 1222 3086 c'odicrm
1242 3021 1302 3082 tn-

188 3097 340 3195 rcrs'prio.
385 3101 548 3168 ductores
570 3105 658 3170 enim
681 3105 753 3172 tere
774 3123 908 3191 semper
930 3105 1023 3172 libris
1046 3123 1067 3169 a
1087 3121 1130 3172 se
1150 3104 1302 3171 exaratis

188 3185 278 3277 etorn
302 3181 465 3264 publicam
488 3185 594 3253 lucem
617 3187 718 3255 editis
738 3207 803 3254 sua
823 3190 956 3256 nomina
976 3189 1191 3276 inscripsere,
1211 3205 1301 3272 quae

182 3261 350 3351 deinceps
371 3267 495 3336 librarii
517 3289 589 3338 cum
612 3271 685 3355 ipsu
708 3272 824 3339 codice
846 3273 1036 3340 describere
1055 3272 1144 3340 haud
1174 3272 1301 3361 negle-

187 3357 317 3418 xerunt.
361 3353 499 3444 Regula
527 3355 642 3442 itaque
668 3356 773 3442 primu
800 3364 877 3425 est:
924 3359 1010 3442 opor
1031 3359 1236 3442 quodamque
1256 3357 1302 3420 it-

293 3679 361 3729 satts
379 3673 432 3730 88.
453 3681 562 3732 Petrum
578 3681 658 3734 ltbrts
676 3683 807 3734 amolitur
824 3683 857 3734 Ιι.
873 3687 908 3736 Α.
920 3685 1056 3735 Muratorl
1074 3684 1109 3735 dc
1122 3687 1218 3748 logan.
1238 3694 1300 3732 no-

292 3749 381 3798 derat.
402 3752 510 3800 no.11.
530 3765 555 3802 c.
575 3751 603 3804 6.
621 3755 664 3816 (p.
683 3751 736 3804 303
753 3745 856 3816 seem).
882 3777 915 3790 ·-
953 3752 1082 3806 ceterum
1107 3755 1142 3805 dc
1160 3750 1299 3820 ejusmodi
1422 3738 1424 3767 ¹

290 3819 335 3878 pla
353 3821 451 3870 maudo
469 3822 508 3870 ct·
526 3823 674 3873 't'lllemout
692 3826 773 3874 Mem.
791 3825 911 3874 mxtss.
929 3827 992 3875 Art.
1006 3823 1146 3875 (lochtv.
1165 3825 1205 3886 (p.
1218 3819 1299 3884 949),
1422 3854 1424 3863 =

288 3887 337 3936 ubl
357 3900 416 3938 eam
434 3889 536 3953 vtsstltt
553 3894 701 3953 tamensis
719 3895 819 3955 egendi
838 3896 974 3946 rationem
999 3905 1057 3946 uun
1082 3897 1190 3953 acrius,
1214 3905 1300 3956 quan

291 3959 387 4008 varius
406 3962 578 4010 condemnat.

235 4049 265 4112 ¹¹¹)
282 4055 363 4115 Sunt,
382 4057 430 4118 qut
447 4035 623 4120 existiment,
642 4056 782 4108 Erasmum
802 4061 996 4124 melaredum,
1015 4073 1049 4112 co
1066 4062 1177 4112 ductum
1197 4061 1298 4110 const-

287 4125 340 4185 tto,
366 4127 396 4174 S·
415 4125 550 4188 cypriant
569 4130 680 4180 nominc
698 4129 865 4180 confinxisse
883 4132 984 4182 librum
1002 4134 1038 4181 dc
1056 4129 1167 4193 duplici
1183 4135 1300 4188 marty-

139 4188 155 4216 ·
287 4195 334 4244 rio
352 4194 597 4262 adlt'octuuutom,
619 4201 675 4252 vid.
693 4198 777 4250 Prud.
797 4201 906 4253 btarant
924 4201 1050 4254 enemo.
1070 4203 1098 4252 ln
1109 4201 1180 4264 Opp·
1196 4201 1227 4250 S.
1238 4197 1301 4261 Gy·
1419 4220 1422 4233 ·

287 4267 377 4326 priam
397 4275 425 4330 p.
446 4268 508 4318 vn.
