2866 4652
1251 297 1273 364 i

235 459 306 528 Utri
329 460 416 526 haee
440 458 554 545 plaucis
575 457 723 528 oxlribita
746 464 825 526 suut
840 460 872 524 in
891 460 1044 548 generali
1054 459 1270 550 Patrulogiac

152 553 262 632 parte,
286 547 320 612 io
342 550 448 640 parte
460 542 611 640 speciali,
634 546 821 628 praemissa
841 545 987 631 singulis
1009 545 1154 669 periodis
1178 548 1270 612 lii-evi

153 629 342 696 earundem
381 627 623 708 delineatione,
657 628 863 715 singulorum
904 629 971 696 88.
997 631 1147 710 latrum,
1185 649 1268 716 quos

154 717 295 803 longum
318 719 417 779 esset
437 711 512 778 heic
532 730 737 792 enumerare,
760 713 968 778 describetur
990 714 1079 793 Vita,
1101 721 1268 799 quatenus

153 799 263 865 lucem
287 797 433 882 aliquam
456 799 576 862 allerre
598 796 705 881 possit
723 796 764 862 od
785 797 1043 884 uniuscujusque
1060 803 1182 884 scriptu
1199 818 1271 864 rne-

156 883 227 948 lius
248 880 502 969 cognoscendo,
524 898 703 966 eorumque
725 900 818 947 usum
839 882 999 966 aptiorem
1021 883 1269 961 instituendum,

160 965 442 1032 enumerabuntur
468 965 595 1050 scripta
622 965 766 1048 geraritica
794 965 904 1046 omnis
930 974 966 1032 ct
987 967 1084 1030 duilio
1111 966 1267 1055 (cyreniu,

159 1071 294 1137 quonuu
316 1049 447 1115 nonnisi
468 1047 650 1115 illustriora
672 1045 835 1134 quaedam
857 1049 1055 1138 singillatim
1075 1052 1268 1126 recensebo,

156 1134 315 1222 genuinis
337 1132 514 1219 dubiisque
536 1132 687 1198 omuibus
709 1132 904 1214 nominatis,
926 1139 1048 1222 sponte
1069 1128 1267 1220 apparent),

154 1237 337 1304 eorumque
371 1224 573 1304 proponetur
605 1235 752 1304 scopus,
786 1219 941 1308 occasio,
980 1225 1130 1304 tempus,
1163 1236 1269 1306 urgu-

157 1309 318 1370 mentum.

243 1387 298 1452 De
324 1385 522 1454 charactera
551 1391 743 1472 quoquest
768 1383 861 1470 stylo
890 1385 1135 1470 uniuscnjusvis
1163 1403 1269 1470 pauca

157 1471 278 1554 subjun
309 1478 425 1553 enlin,
464 1476 499 1538 et
537 1469 702 1536 editiones
748 1471 1031 1556 praestantiores,
1070 1471 1268 1556 praesertim

158 1573 244 1641 quae
278 1491 410 1622 {cirrus
433 1555 564 1638 possint
585 1555 786 1704 comparari,
820 1573 883 1620 nec
906 1573 968 1620 nou
992 1560 1027 1622 et
1047 1555 1200 1622 subsidio
1223 1555 1268 1620 ad

159 1639 390 1724 perfectiorem
418 1640 626 1725 singulorum
684 1645 791 1706 atrum
821 1639 1045 1725 coguitionem
1072 1638 1269 1704 iudicabun-

160 1732 226 1790 lor.
271 1722 422 1810 lienique
444 1730 500 1802 ut,
527 1730 669 1808 quantus
690 1721 870 1789 eorundem
893 1722 924 1786 in
949 1721 1157 1806 'l‘lreolugiuc
1180 1722 1268 1806 dog-

161 1807 304 1875 maticae
325 1806 552 1875 controversis
574 1805 673 1873 lrodie
695 1806 947 1892 quaestionibus
977 1805 1054 1871 odei
1085 1807 1172 1871 inter
1199 1803 1268 1871 Ca·

160 1889 304 1958 tholicos
331 1899 369 1960 el
391 1893 626 1958 Protectontes
654 1890 700 1956 sit
727 1910 832 1966 usus,
865 1890 1011 1976 penitius
1040 1889 1269 1973 perspiciatur,

156 1977 352 2062 speciminis
381 1978 457 2044 locu
483 1974 631 2074 siugulis
652 1974 726 2040 lere
752 1974 909 2041 Patribus
938 1973 1013 2040 loca
1035 1972 1198 2058 quaedam
1224 1992 1267 2039 ex

153 2081 272 2128 eurora
292 2061 431 2146 scriptis
452 2061 611 2149 &nuruis
633 2057 808 2145 depromta
828 2059 1086 2138 soluerentur,
1117 2075 1204 2142 quae
1223 2059 1266 2124 ad

157 2145 337 2213 Ecclesiae
377 2144 572 2214 Calliolicue
607 2143 792 2212 doctrinam
832 2142 1089 2211 confirmandam
1124 2142 1268 2220 terimi

157 2230 243 2297 llaec
271 2249 370 2315 porro
395 2249 438 2298 eo
466 2228 582 2296 outline
625 2234 735 2296 semet
770 2228 958 2314 excipient,
992 2246 1057 2313 quo
1085 2224 1268 2292 Concilium

157 2313 390 2382 Tridentium
409 2315 455 2380 do
485 2319 572 2382 mats
594 2312 662 2378 ists
683 2312 903 2398 pertractavit
928 2318 963 2378 et
985 2311 1145 2378 delinivit
1195 2311 1269 2378 lle-

157 2418 247 2465 ram
275 2403 409 2482 practer
466 2399 503 2467 S·
542 2400 662 2466 l'atres
693 2397 810 2464 stricte
840 2395 1054 2462 talesctium
1076 2394 1268 2479 Scriptores

159 2483 424 2550 Ecclesiasticos
446 2483 556 2568 tnagis
583 2482 757 2567 insignes,
785 2485 899 2564 utpute
927 2480 983 2564 qui
1011 2485 1046 2545 et
1072 2479 1136 2562 ipsi
1162 2483 1269 2541 testes

163 2573 245 2632 suut
264 2565 481 2649 Tradimus,
504 2566 673 2635 inferioris
695 2562 829 2651 quidem
851 2561 996 2638 ordinis,
1027 2561 1117 2626 haud
1140 2560 1284 2624 oranius

158 2661 273 2718 tamen
301 2653 499 2734 spernendi,
525 2650 599 2718 suis
631 2650 715 2714 lueis
745 2649 954 2723 inserentur,
983 2646 1030 2710 ita
1055 2649 1190 2720 nmen,
1225 2650 1271 2720 ut,

156 2733 269 2822 quoad
292 2735 459 2818 ejusden
483 2735 628 2823 pulerit,
658 2731 691 2798 lri
716 2733 856 2800 seorsim
880 2729 924 2796 alr
946 2730 1014 2796 illis
1036 2733 1269 2816 proponantur,

154 2819 338 2906 paucisque
361 2840 421 2907 pro
442 2821 558 2890 minori
582 2818 749 2908 dignitate
773 2813 1003 2903 expediantur.
