2948 4662
1209 311 1272 378 271

290 476 447 552 tractatu,
468 477 641 560 pomonam
662 471 762 540 Nocti
784 469 871 562 (qni
899 474 1007 542 deruit
1033 475 1125 543 circa
1152 495 1274 549 annom

288 552 389 642 215.)
411 558 484 623 fata
505 563 541 624 et
561 555 744 630 doctrinam
779 559 873 624 aucis
888 559 1049 642 exhibuit,
1066 574 1275 649 argumenta,
1308 606 1319 627 .

292 641 413 793 gallius
435 640 591 708 haeresin
610 660 707 708 suam
728 642 739 706 i
766 659 787 706 e
808 641 927 708 fulcire
949 651 1088 710 conatus
1109 653 1173 724 est,
1193 665 1214 714 e
1235 648 1275 716 S.

323 727 470 821 criptura
490 724 693 824 potissimum
716 726 821 822 petita
842 725 937 793 diluit
947 730 994 805 (n.
1011 728 1134 826 l78.)3
1152 729 1275 800 deinde

291 818 485 907 mysterium
507 805 576 905 ἓξ.
598 808 772 904 Trinitatis
793 815 830 876 et
851 810 1093 878 lucarnattonts
1112 815 1198 881 natis
1220 817 1275 883 di-

290 891 403 960 luctde
424 898 562 978 exponit
582 891 757 979 solideque
780 893 898 980 probat
919 889 974 983 (n.
999 891 1139 985 9-18.)
1162 893 1217 986 1).

230 1037 271 1116 5)
293 1033 358 1098 His
378 1030 527 1098 omnious
549 1029 691 1120 adJnngi
709 1037 853 1100 meretur
875 1015 1120 1118 Eupiuouiio
1134 1029 1176 1100 in
1189 1024 1275 1104 Du-

292 1119 427 1194 itidem
448 1153 509 1200 sen
530 1133 682 1200 Danielis
704 1139 740 1200 et
761 1134 1081 1204 Nabuchodonosori
1099 1139 1273 1212 Visionnm

291 1219 488 1298 solutiones,
511 1219 629 1304 quinus
651 1237 767 1284 omnes
786 1219 937 1286 visiones
958 1219 992 1286 in
1013 1222 1097 1288 libro
1119 1225 1273 1297 Danielis

292 1309 472 1370 contentae
493 1302 641 1368 breviter
668 1302 891 1388 explanantur
911 1307 980 1381 ”li
1008 1312 1065 1371 sat
1113 1310 1274 1380 robabili-

292 1393 346 1453 ter
367 1404 508 1471 quoqne,
530 1386 594 1453 etsi
616 1404 681 1451 non
703 1386 803 1471 plena
823 1387 1032 1469 certitudine,
1054 1327 1161 1458 sitien
1183 1399 1275 1480 pari-

294 1494 347 1555 ter
368 1488 520 1554 trilrnitnr
539 1495 704 1554 tractatus
729 1489 842 1554 brevis
864 1495 900 1554 et
920 1489 1108 1558 luculentus
1129 1479 1177 1555 de
1194 1479 1273 1558 Sta·

293 1597 427 1662 sanata,
448 1589 506 1655 nbi
526 1590 702 1674 mysticum
724 1593 797 1674 eius
819 1589 978 1659 historiae
999 1612 1135 1661 sensum
1157 1596 1275 1669 decla-

293 1682 356 1752 rat,
370 1679 469 1758 Juxta
503 1691 601 1759 quem
623 1672 781 1741 Susanna
803 1675 1052 1762 praefigurabat
1074 1678 1273 1769 Ecclesiam,

293 1759 446 1824 Joaeltim
486 1776 566 1823 vero
595 1759 669 1841 ejus
705 1759 843 1824 maritus
865 1757 1048 1839 Christum,
1075 1762 1139 1828 duo
1171 1786 1273 1836 senes

296 1862 393 1928 porro
415 1849 493 1909 sont
542 1841 641 1909 emini
661 1861 703 1930 po
728 1842 784 1921 nli,
799 1841 979 1909 Ecclesiae
1001 1844 1136 1926 intensi,
1150 1849 1274 1922 Judaei

295 1927 426 1994 scilicet
446 1934 501 2014 et,
535 1932 644 1994 entes.
717 1934 870 1994 reeterea
891 1927 1097 2016 Fragmenta
1125 1933 1274 2014 eJusdem

293 2009 606 2080 Commentariorum
628 2010 792 2078 habentur
825 2011 995 2078 insanies
1016 2010 1056 2078 S.
1078 2011 1275 2102 Scripturas

293 2096 407 2178 libros,
429 2115 484 2163 ex.
507 2116 561 2186 gr.
583 2097 618 2162 in
640 2093 790 2164 Genesin
811 2089 892 2180 222)
915 2095 995 2187 [nbi
1016 2096 1104 2164 inter
1124 2101 1192 2168 alia
1208 2103 1275 2172 Ja-

275 2405 378 2467 Noe'is‘a
407 2421 502 2460 veram
527 2412 699 2474 argumentis
722 2415 765 2462 sat
789 2411 875 2461 armis
899 2411 1024 2468 constat,
1049 2421 1107 2462 eam
1132 2428 1185 2467 nou
1211 2429 1274 2470 asae

276 2481 561 2540 proprialtomiliant,
586 2483 635 2532 aed
659 2485 763 2544 partam
789 2484 940 2530 extremam
959 2480 1060 2540 operis
1082 2484 1111 2530 8.
1132 2486 1274 2550 Hippolyti

280 2553 376 2598 contra
394 2561 488 2600 ornnes
507 2552 646 2600 naereses.
682 2549 726 2600 ci.
746 2550 874 2602 Galland·
894 2551 927 2598 ’1.
946 2549 983 2597 11.
1002 2550 1156 2614 i’roiegonr.
1182 2569 1209 2606 a,
1229 2557 1272 2610 18.

277 2629 306 2668 n.
324 2615 352 2669 6.
388 2619 506 2670 ceillier
523 2621 544 2671 i.
564 2631 590 2670 c.
610 2622 673 2672 Art.
693 2621 729 2672 v.
748 2621 926 2682 (praesertim
946 2632 974 2681 p·
993 2615 1044 2669 :iat
1063 2618 1152 2679 -12).

227 2710 260 2776 *³
508 2787 1114 2851 a,

322 2801 550 2840 cesena
630 2802 775 2840 aee
1086 2804 1274 2846 taenara

272 2801 413 2910 aeroarfm
430 2865 458 2909 et
474 2857 603 2909 Helicona
620 2859 691 2919 (sen
709 2853 890 2914 Heliconem)
914 2856 989 2906 tetus
1006 2861 1064 2908 sint
1081 2863 1110 2912 Β.
1130 2864 1275 2926 Hippolyti

275 2931 304 2978 et
328 2939 364 2978 ex
388 2931 486 2979 eodem
512 2929 608 2979 torean
626 2928 718 2992 Opera
736 2933 834 2979 contra
858 2937 954 2977 omnes
972 2928 1103 2980 itaet-esea
1122 2933 1272 2997 depromta,

273 3002 304 3048 nt
323 2999 466 3050 nonnullis
485 3002 575 3050 vianna
593 3001 647 3048 eat.
681 3001 723 3050 iot
742 3003 838 3049 contra
856 2998 1014 3048 haereticos
1031 3002 1110 3063 latos,
1125 3001 1275 3065 Eutychia-

272 3081 371 3118 norum
396 3080 529 3132 ormana,
554 3069 691 3130 duplicem
717 3072 746 3119 in
770 3069 878 3119 t'lristo
903 3072 1029 3118 naturam
1052 3072 1223 3123 incootnsarn
1247 3079 1277 3126 et

274 3140 462 3198 immutatam,
489 3143 518 3188 et
536 3141 675 3201 duplicem
690 3141 897 3202 onerationem,
928 3141 1078 3200 unicnique
1095 3143 1208 3194 scillcet
1225 3157 1277 3195 na·

275 3208 356 3256 turae
374 3209 527 3273 propriam,
551 3211 682 3260 adstruit.
718 3207 764 3260 ct.
784 3209 903 3267 humpen·
920 3205 941 3255 1.
961 3218 987 3256 e.
1007 3221 1034 3268 p.
1052 3206 1170 3262 tie-oo.

203 3297 256 3359 **)
274 3305 352 3353 liaeo
371 3303 529 3365 explanatio
546 3308 683 3358 visionum
702 3305 829 3356 Danielis
853 3314 906 3355 nec
930 3305 1001 3366 apud
1024 3305 1198 3371 Fabricium,
1223 3321 1276 3362 nee

275 3376 347 3435 apud
366 3373 543 3426 eaiiaoatum
561 3381 649 3438 extat,
667 3377 717 3426 aad
736 3375 922 3426 tantummodo
942 3377 970 3422 in
987 3373 1108 3426 Daniele
1126 3380 1276 3432 secundam

273 3442 464 3508 aemaaqiara
482 3445 540 3504 (aaa
558 3449 651 3498 simon
669 3441 874 3511 donaciatria)
893 3445 995 3494 Romae
1015 3446 1094 3498 1772.
1114 3447 1164 3496 toi,
1183 3461 1226 3511 gr.
1246 3455 1276 3500 et

275 3516 325 3566 iat.
346 3515 494 3566 extinctor
519 3530 547 3579 n.
565 3514 600 3567 93
619 3543 646 3555 -
663 3516 724 3566 122.
760 3515 804 3566 (11.
824 3513 947 3564 inerat
973 3527 1002 3564 n.
1021 3515 1087 3565 Vll.
1107 3520 1276 3580 argumenta

273 3589 328 3634 mut
347 3589 480 3647 externa,
505 3597 583 3650 qnam
607 3589 718 3636 interna
739 3589 785 3635 sat
802 3585 902 3646 gravia
919 3583 1041 3634 militant
1058 3597 1106 3647 pro
1131 3589 1276 3640 authentia

273 3650 357 3718 liujus
375 3654 476 3716 operia
493 3666 593 3707 recens
610 3657 646 3705 alt
657 3655 771 3706 Editore
789 3654 904 3704 detecti·
940 3655 1084 3706 Accedunt
1101 3657 1181 3720 plura
1188 3660 1278 3725 iirag.

272 3728 368 3774 menta
394 3736 430 3775 ex
457 3726 512 3774 isto
536 3727 566 3774 S·
584 3726 729 3789 Hippolyti
747 3725 836 3786 opere
860 3725 891 3773 in
908 3723 1014 3778 camna
1032 3725 1199 3779 limenorum
1222 3732 1278 3784 Ρι-

275 3797 347 3844 trnm
374 3797 404 3844 in
422 3794 583 3856 Danielem,
610 3808 689 3860 quam
715 3796 820 3858 primus
843 3794 921 3844 dedit
944 3798 979 3845 Δ.
997 3792 1091 3857 otajoa
1109 3802 1138 3849 in
1156 3799 1276 3853 collect.

273 3865 353 3916 Nova
371 3866 509 3916 Veterum
526 3865 629 3928 script.
647 3867 680 3915 ’1.
696 3869 719 3916 Ι.
737 3862 961 3926 (2011101831.)
980 3865 1011 3914 Ρ.
1022 3867 1072 3916 111.
1090 3881 1118 3928 i·
1137 3867 1183 3920 29.
1198 3883 1278 3936 seqq.

272 3932 318 3986 cr·
338 3930 409 3998 maj!
427 3936 494 3987 Note
513 3935 580 3985 ibid·
598 3949 627 3998 pe
645 3931 762 3989 29¹·300
781 3941 810 3986 02
829 3936 950 3986 primm·
968 3949 996 3996 Pa
1013 3935 1208 3991 XXXIV-V·

185 4023 258 4090 *2111)
275 4032 433 4084 Notandum
453 4043 539 4091 vero,
554 4031 721 4096 Fragmenta
739 4029 933 4084 Commentarli
951 4033 980 4084 io
1000 4033 1123 4085 (lonasio
1143 4047 1159 4085 a
1177 4035 1279 4086 catena

275 4104 390 4153 arabica
410 4103 544 4164 decerpta
568 4103 617 4156 iio
637 4104 706 4151 edit.
725 4101 849 4152 Fabricii
868 4104 931 4152 voi.
946 4103 982 4152 11.
1003 4116 1030 4164 ιι.
1049 4101 1084 4154 33
1107 4129 1134 4142 -
1154 4101 1220 4160 14.)
1244 4105 1278 4154 alt

199 4185 208 4204 ⁸
276 4175 396 4224 eraditis
423 4168 506 4236 rejici
531 4177 661 4236 tamqnam
684 4174 796 4234 spuria,
819 4172 877 4221 rid.
896 4171 1014 4223 ceillier
1031 4173 1054 4221 1.
1072 4185 1098 4221 c.
1121 4185 1150 4234 p.
1168 4171 1231 4224 322.
1250 4179 1281 4223 at

278 4239 412 4295 Galland·
432 4243 588 4306 Prolegotn.
607 4254 633 4291 a.
654 4239 696 4292 te.
721 4239 798 4292 118.
