2866 4652
188 297 282 375 xlv

186 486 283 562 tlato'
299 482 345 558 ab
358 478 553 582 Apostolis
580 485 853 575 atrrtuuciatam,
881 505 973 582 quae
996 481 1163 560 Petrum
1189 494 1295 564 testi-
1420 460 1421 553 ᾗ

184 613 321 684 reseniis
356 611 585 706 scriptisque
622 613 914 708 sapientissimis
951 609 1200 685 corroborata
1237 615 1294 686 vi-

184 736 266 834 guit
291 735 469 831 vigetque
496 734 531 805 iu
560 735 704 808 curtatis
731 743 854 807 terrae
881 732 1028 833 plagis,
1057 745 1096 808 et
1123 736 1292 834 perlecta

183 859 284 952 fidei,
311 867 621 934 sacramentorum
647 859 819 956 sacrique
849 858 1039 955 regiminis
1067 861 1206 950 mutate
1231 885 1293 936 re·

183 984 330 1084 fulget‘
356 979 429 1078 i),
462 981 644 1079 judicium
667 982 952 1058 venerabundus
968 989 1162 1082 exspecto,
1187 989 1295 1084 ejus-

186 1134 258 1211 que
292 1108 512 1184 sententiam
544 1109 790 1208 promtissime
819 1107 1031 1208 amplectar.

201 1259 203 1264 ·
281 1231 490 1309 Ecclesiae
517 1231 615 1326 bulo,
643 1255 748 1331 quam
775 1256 845 1309 ocu
871 1256 997 1308 veram
1016 1229 1157 1309 Christi
1177 1253 1293 1334 spou-

185 1385 262 1436 sam
289 1366 329 1435 et
354 1359 510 1434 omnium
536 1356 698 1432 fidelium
732 1367 901 1452 matrem,
936 1357 1152 1433 fidissimam
1185 1361 1290 1434 veri-

184 1487 271 1561 tatis
299 1480 493 1560 custodem
520 1491 561 1560 ot
586 1485 730 1583 gratiae
757 1483 940 1560 coelestis
955 1505 1130 1578 organum
1153 1506 1294 1581 agnos-

183 1632 250 1703 co,
297 1609 401 1685 vires
439 1631 543 1684 meas
584 1609 936 1708 quantuluscumque
985 1606 1116 1683 dicare
1161 1610 1292 1700 statui;

72 1815 76 1822 ,
183 1741 268 1838 ejus
296 1736 522 1810 incrementa
546 1732 594 1810 ad
622 1740 797 1834 majorem
821 1735 895 1810 Dei
923 1732 1078 1833 gloriam
1111 1741 1149 1808 et
1181 1757 1293 1835 prae-

183 1862 282 1937 senti
308 1859 381 1936 boc
408 1840 533 1962 Opere
560 1861 727 1958 quaesivi
761 1869 801 1936 et
835 1862 870 1934 iu
904 1857 1071 1938 omuibus
1104 1857 1293 1935 laboribus
1419 1879 1420 1944 ς

182 1987 275 2062 meis
306 2005 453 2084 semper
486 2007 658 2083 quaeram
690 1985 779 2086 lpse
809 1991 990 2086 juvante,
1024 1983 1086 2082 qui
1118 1991 1292 2084 operatur

181 2112 218 2183 iu
244 2107 352 2184 uobis
378 2115 418 2183 et
444 2107 546 2184 velle
574 2117 614 2186 et
648 2109 830 2214 perlicere
865 2133 933 2212 pro
968 2109 1063 2190 bons
1100 2113 1291 2193 volontate

184 2232 366 2336 (Philipp.
390 2235 428 2328 2,
456 2231 553 2320 13.).

283 2422 462 2499 Brixiuse
488 2420 551 2500 die
575 2421 613 2499 4
641 2419 819 2502 Octobris
847 2421 968 2502 1850.

231 2745 261 2810 *l
279 2750 323 2800 lta
336 2749 367 2798 Β.
379 2749 410 2798 Ρ.
424 2750 490 2801 Pius
502 2749 552 2804 lx.
573 2752 602 2802 tn
613 2750 791 2804 Altoeuttoue
808 2749 904 2802 buitta
921 2750 967 2800 dle
988 2749 1196 2804 taneoeueru
1208 2749 1288 2806 tete.
1419 2823 1420 2830 q
