2880 4660
195 337 257 404 tlt

194 523 224 570 e.
249 493 344 581 ill,
367 509 451 580 pirae
474 487 664 572 Episcopus
686 481 864 552 visibiliter
886 477 1038 573 (Ephes.
1059 499 1088 548 c.
1107 474 1180 569 1.),
1202 479 1305 548 clife.

197 596 272 654 stos
294 599 375 648 vero
408 575 618 644 invisibiliter
648 571 738 656 regit
767 564 891 667 (Rom.
921 585 948 632 c.
974 560 1055 651 9.];
1094 571 1164 632 tota
1193 575 1305 630 antem
1437 592 1439 623 i

197 667 353 738 Ecclesia
375 659 566 730 catholica.
599 656 686 722 Jesu
708 651 840 718 Cbrrsto
863 650 977 716 intime
998 653 1116 733 juncta
1145 656 1179 716 et
1212 651 1306 715 unita
1383 709 1393 724 ,

196 753 348 843 [Ephes.
373 767 402 813 c.
416 741 483 833 5.),
506 762 602 808 unum
625 757 783 826 magnum
806 754 924 822 corpus
949 737 1119 800 constituit
1141 733 1305 822 (Smyrn.

196 863 227 910 c.
252 843 279 904 l.
301 841 337 902 et
356 827 441 920 8.),
473 827 566 909 cujus
596 830 696 908 caput
726 820 878 886 Christus
911 827 966 883 est
995 818 1133 907 (Trebi.
1155 837 1184 880 c.
1210 811 1306 990 1¹3⁹

161 981 165 989 .
198 921 316 1008 cuique
335 912 505 1004 praesidet
518 909 672 976 Ecclesia
682 907 833 970 Romano
877 905 1062 988 lascript.e
1089 899 1259 968 ‚adltom

1295 925 1305 942 ο

1295 949 1306 976 ἢ

194 1011 281 1076 haec
303 1010 413 1071 autem
433 995 592 1062 Ecclesia
614 989 788 1059 catholica
816 987 979 1076 (bmyrn.
1013 1005 1041 1050 c.
1063 923 1127 1068 g.)
1157 987 1200 1049 ab
1230 989 1305 1072 ipso

196 1090 335 1160 Domino
360 1083 490 1165 accepit
513 1080 632 1144 dontltn
655 1073 927 1158 incorruptioniS,
955 1071 976 1136 i.
999 1089 1030 1135 e.
1052 1071 1306 1136 infallibilitatis

196 1175 346 1268 (Ephes.
380 1188 408 1234 c.
439 1160 536 1252 lt),
569 1161 644 1226 binc
673 1161 728 1242 qui
756 1160 797 1224 ab
828 1177 870 1224 ea
897 1175 1001 1236 segre
1030 1165 1103 1221 atur
1132 1165 1304 1222 aeternam
1438 1144 1439 1167 ¹

197 1260 321 1332 subibit
343 1251 585 1320 damnationem
608 1241 751 1332 (Magn.
775 1263 804 1308 c.
821 1245 870 1307 10.
895 1239 990 1305 Phila
1017 1287 1025 1305 .
1048 1259 1076 1304 c.
1092 1233 1158 1320 3.).
1204 1239 1305 1305 Hanc

195 1366 276 1412 vero
299 1341 473 1414 unitatem,
506 1350 590 1419 quae
612 1330 760 1394 exterius
783 1326 1014 1392 manifestatur
1042 1325 1074 1390 in
1104 1322 1193 1388 adett
1220 1325 1306 1390 obe-

196 1425 508 1510 dientiaEpiseopu,
532 1414 737 1504 presbyteris
760 1420 860 1496 atque
883 1409 1032 1474 diaconis
1053 1409 1224 1494 praestito,
1247 1417 1306 1473 nt·

197 1514 316 1603 quein
340 1502 591 1592 participatione
614 1498 709 1564 nnius
732 1496 838 1562 ciricus
861 1493 965 1559 divini
990 1493 1184 1572 communis,
1206 1509 1305 1577 quem

198 1601 293 1668 solos
310 1595 497 1679 Episcopus
519 1601 685 1672 peragere
708 1587 830 1667 potest,
852 1575 1000 1644 ostendit
1019 1593 1098 1644 esse
1120 1596 1163 1642 ex
1185 1584 1306 1642 natura

196 1704 258 1752 sua
278 1683 434 1745 caritatem
447 1672 546 1752 firtel,
569 1686 655 1755 quae
676 1665 868 1732 necessario
890 1669 924 1728 et
946 1663 1134 1728 arctissime
1151 1660 1306 1747 jungitur

198 1787 271 1836 curn
295 1762 453 1837 caritate,
487 1773 625 1842 quarum
654 1752 713 1816 illa
740 1750 866 1814 initium
887 1753 959 1827 est,
991 1747 1077 1810 baec
1107 1745 1182 1810 sinis
1213 1747 1306 1811 vitae
1438 1810 1439 1819 ,

197 1851 432 1923 Christianae,
466 1842 583 1906 ambae
613 1854 725 1902 secum
753 1836 893 1916 junctae
923 1849 966 1896 ex
996 1831 1068 1896 Deo
1095 1830 1307 1896 descendunt

197 1937 427 2016 hominemque
447 1924 671 1992 Christianum
693 1919 875 2006 perfectum
897 1917 1110 1988 constituunt,
1132 1915 1180 1979 ita
1201 1922 1238 1980 nt
1259 1917 1308 1979 ni·

197 2022 242 2087 hil
267 2021 308 2084 iis
330 2010 555 2100 praestantius
577 2005 716 2070 inveniri
740 2004 856 2085 possit.
901 2001 951 2065 ¹ln
981 1999 1044 2065 hac
1072 1999 1200 2066 unitate
1221 2000 1307 2066 sub-

193 2103 351 2190 jectionis
372 2115 458 2182 erga
473 2093 672 2178 Episcopum
695 2094 729 2154 et
751 2085 930 2152 communis
952 2084 1062 2150 cultus
1085 2083 1203 2159 divini,
1227 2083 1308 2148 fidei

198 2203 329 2275 quoque
351 2187 386 2246 et
408 2177 556 2246 caritatis
577 2181 613 2238 nt
632 2171 839 2238 immobiliter
854 2175 1018 2244 maneant,
1037 2169 1152 2233 iterum
1167 2168 1308 2234 iterun-

198 2290 263 2359 que
292 2286 364 2335 eos
381 2263 537 2330 admonet
566 2277 605 2324 ac
634 2259 838 2342 obtestatur,
861 2256 894 2327 *l
929 2253 1057 2318 demum
1079 2271 1119 2319 se
1141 2253 1249 2338 ipsum
1272 2261 1309 2318 et

196 2353 375 2423 ecclesiam
397 2366 492 2414 snam
515 2363 626 2410 eornm
648 2339 805 2426 precibus
826 2336 1042 2404 commendat.
1065 2377 1107 2390 --
1154 2337 1193 2398 la
1215 2335 1308 2420 lipi-

196 2443 279 2516 etotn
301 2438 346 2502 ad
367 2434 524 2498 aeneam
544 2429 609 2493 tria
632 2425 811 2513 praecipue
833 2421 918 2510 agit:
942 2421 1073 2488 scilicet
1094 2419 1249 2488 mundum
1270 2433 1309 2486 et

197 2525 307 2594 omnia
328 2519 474 2587 visibilia
497 2512 658 2598 despicit3
681 2509 813 2576 ardenti
834 2507 1002 2574 desiderio
1024 2507 1147 2593 tlugrat
1167 2505 1308 2590 sangni-

197 2631 274 2678 nem
302 2626 361 2694 pro
383 2602 516 2670 Christo
543 2595 704 2664 tundendi
731 2601 765 2660 et
796 2613 893 2680 qnam
922 2591 1094 2657 celerrime
1124 2590 1167 2656 ori
1198 2589 1308 2656 Deum

197 2690 373 2766 veniendi,
403 2694 502 2768 atque
530 2681 614 2748 illud
638 2680 749 2745 thema
771 2679 864 2743 varin
893 2683 928 2741 et
956 2675 1125 2759 multiplici
1153 2692 1309 2758 semper-

222 2796 263 2844 ne
284 2771 461 2858 ingenioso
485 2766 580 2832 modo
603 2769 746 2844 tractat;
782 2762 925 2846 deniqne
948 2759 1153 2826 Christianos
1175 2759 1310 2826 Rornae

198 2799 369 2948 iegcntes
390 2851 531 2937 supplex
554 2850 718 2924 obsecrat,
740 2855 775 2912 ut
796 2865 859 2912 nec
881 2845 1036 2931 precibus
1059 2843 1102 2908 ad
1124 2843 1225 2908 Deum
1249 2843 1311 2907 lu-

198 2947 266 3022 sis,
305 2957 368 3007 nec
403 2935 646 3021 supplicatione
681 2932 722 2996 arl
764 2931 858 2997 cives
892 2930 1061 2994 Romanus
1104 2929 1195 2994 lacta
1228 2943 1310 2994 eant

198 3047 290 3114 spem
318 3030 495 3102 votumque
521 3037 615 3082 suurn
646 3014 817 3082 deludant.
847 3053 889 3066 -
933 3013 975 3076 la
999 3012 1153 3093 Epistola
1176 3011 1221 3074 orl
1242 3011 1310 3073 Po-

198 3115 365 3195 lpcurpum
388 3104 546 3190 gaudium
568 3121 662 3167 suurn
686 3099 860 3182 exprimit,
894 3096 980 3184 quod
1008 3096 1100 3163 Deus
1128 3097 1193 3162 sibi
1224 3112 1310 3160 con-

198 3201 348 3282 spectum
370 3193 459 3258 illius
484 3187 644 3273 praebere
667 3185 826 3270 dignatus
849 3182 911 3258 site
934 3189 1000 3247 turn
1022 3200 1095 3246 cunr
1117 3179 1250 3246 instruit
1263 3177 1310 3246 de

199 3286 293 3350 recta
322 3273 579 3344 conversatione
608 3278 643 3334 et
676 3271 719 3334 tle
749 3266 844 3333 modo
872 3286 990 3332 munus
1019 3264 1213 3351 episcopale
1239 3281 1309 3349 ge-

197 3365 309 3450 rendi3
339 3359 535 3452 praesertim
566 3373 647 3420 vero
676 3352 812 3428 edocet,
842 3351 1003 3437 quomodo
1031 3368 1071 3416 se
1093 3368 1215 3438 gerere
1244 3348 1309 3414 de-

200 3454 277 3518 beat
304 3456 372 3514 tum
400 3440 587 3534 generatim
610 3457 695 3528 erga
716 3435 890 3515 subditae,
922 3442 989 3499 tum
1021 3434 1054 3499 in
1083 3435 1197 3516 specie
1219 3451 1309 3583 erpa

198 3535 336 3610 viduas,
367 3538 402 3598 et
428 3547 513 3614 erge
535 3543 672 3602 servos,
701 3521 862 3608 quomodo
885 3520 1005 3584 cultum
1028 3518 1174 3584 divinum
1196 3518 1261 3602 pub
1277 3521 1309 3582 i·
1437 3561 1438 3568 κ

198 3638 270 3683 cura
298 3617 474 3689 instituat,
513 3609 626 3696 qualia
656 3613 834 3693 praecepta
856 3601 968 3669 tradat
996 3601 1038 3668 ad
1068 3603 1228 3681 coelibes,
1261 3601 1309 3670 ad
1438 3602 1439 3609 ’

198 3719 320 3767 uxores
350 3699 564 3781 maritusque,
595 3694 724 3758 demum
756 3708 821 3775 qua
850 3689 977 3753 ratione
1006 3688 1210 3752 matrimonia
1236 3686 1309 3752 sint

198 3784 354 3851 ineunda.
397 3781 480 3846 Tum
503 3795 687 3844 conversus
709 3773 753 3839 nil
780 3773 929 3858 plebem,
958 3769 1066 3836 eidem
1089 3773 1184 3837 varia
1206 3789 1310 3854 prae-

198 3875 297 3953 cepta
320 3871 405 3933 bene
427 3862 563 3929 vivendi
586 3859 719 3935 scribit,
750 3860 928 3943 praecipue
955 3862 992 3920 ut
1020 3854 1181 3922 obediant
1202 3855 1310 3953 Epie-

197 3972 297 4039 copo,
333 3946 538 4036 presbyteris
569 3949 603 4012 ct
631 3943 798 4023 diaconis,
832 3947 866 4008 et
894 3941 1002 4007 omnia
1023 3941 1057 4006 in
1082 3959 1311 4008 communione

198 4122 408 4142 μ

251 4237 281 4299 a)
301 4225 610 4370 ἳὲἯέΕ-εωῖηῐᾶηςε
634 4227 675 4282 ber
692 4221 833 4294 betilium
851 4219 948 4290 bittit.
973 4229 995 4276 1.
1015 4220 1068 4276 tet.
1094 4211 1119 4277 ἓ.
1139 4223 1175 4276 ts
1193 4221 1244 4276 aab
1262 4221 1311 4276 ta.
