2880 4660
1194 335 1258 402 roa
1379 337 1382 344 .

147 505 245 602 baem
268 508 324 568 sut
346 502 452 600 multi,
475 502 593 587 rpribus
610 503 677 584 Jam
701 501 908 588 praeluserat
930 512 1043 570 auctor
1071 523 1256 612 aupnpmus
1369 563 1371 566 .

146 573 1259 759 {titt„th”¹tttttt,t,lhts¹¹‘ariditati'itta

150 758 380 820 sinceritatem
403 755 706 838 interpretarentur,
730 756 781 819 rel
806 756 1022 841 profitentium
1038 757 1255 821 innocentium

150 841 347 926 probarent,
372 838 427 904 vel
452 837 636 918 Principum
659 839 787 903 animos
809 858 830 904 a
851 841 1085 905 uexationibus
1108 840 1257 905 abduce-

152 931 236 988 rent.
282 924 361 987 hlox
384 933 493 988 tamen
515 943 536 987 a
559 923 757 986 defensione
790 923 962 1010 religionis
985 924 1196 990 Christianae
1217 941 1257 987 se

152 1011 390 1074 converterunt
411 1006 453 1071 ad
479 1006 600 1070 bellum
622 1007 706 1088 ipsis
720 1008 896 1072 Gentilium
919 1010 1026 1072 sacris
1040 1006 1257 1081 inferendum,

150 1111 217 1176 pun
238 1091 412 1156 ueritatem
434 1090 608 1174 religionis
631 1090 860 1164 Christianae,
893 1098 927 1155 et
948 1091 1102 1156 ethnicae
1125 1092 1257 1155 salsita-

149 1185 216 1240 tem
239 1174 416 1239 innumeri·
443 1175 650 1254 argumentis
679 1193 721 1239 ex
753 1175 892 1260 prolana
919 1193 1082 1260 sacraque
1108 1175 1258 1239 doctrina

151 1260 315 1324 deauratis
337 1258 555 1323 invictissime
579 1259 855 1324 demonstrarunt.
901 1259 988 1323 Hinc
1010 1279 1052 1324 ex
1075 1261 1158 1342 ipsis
1176 1265 1258 1344 poe-

149 1351 269 1418 tarum,
293 1341 558 1426 philosophorum
578 1343 780 1426 aliorumque
803 1343 1008 1425 Scriptorum
1034 1344 1125 1406 libris
1150 1344 1255 1406 maui-

150 1428 334 1492 testissimc
357 1427 554 1500 ostendunt,
589 1426 690 1502 deos,
718 1427 773 1511 qui
802 1427 844 1490 ab
874 1427 1025 1491 Ethnicis
1054 1427 1271 1499 colebantur,

150 1512 246 1576 cultu
278 1511 389 1576 diuino
424 1510 522 1596 plane
549 1510 708 1598 indignos
739 1527 830 1574 esse.
875 1510 1054 1576 liestrrrcta
1084 1517 1194 1576 autem
1221 1517 1254 1572 et

151 1594 285 1680 penitus
305 1613 431 1660 euersa
450 1593 661 1658 Ethnicorum
685 1592 850 1680 religione
879 1594 921 1659 ad
950 1596 1169 1660 adserendam
1192 1592 1257 1659 Dei

152 1679 323 1756 unitatem,
345 1681 440 1760 cujus
464 1677 609 1764 potentia
630 1679 724 1744 sicuti
748 1686 864 1744 creata
885 1688 964 1744 sunt
984 1681 1113 1754 omnia,
1142 1682 1189 1742 ita
1213 1678 1257 1741 il-

147 1764 219 1828 lius
240 1764 344 1827 solius
367 1763 577 1848 prouidentia
599 1764 839 1848 gubernantur,
861 1763 904 1848 ad
929 1763 1130 1846 probandam
1152 1761 1257 1826 Verbi

147 1847 275 1925 diuini,
303 1848 381 1911 Filii
404 1847 467 1911 liei
490 1847 670 1932 unigeniti,
697 1847 956 1910 incarnationem
979 1855 1013 1910 et
1036 1847 1162 1931 reliqua
1184 1865 1256 1928 my·

149 1932 255 1996 steria
277 1932 463 2019 progressi,
485 1937 682 2016 argumenta
700 1931 940 2011 ,desumserunt
963 1931 1098 2016 primum
1120 1949 1163 2010 cx
1185 1947 1256 1992 om-

149 2017 248 2081 uibus
270 2016 368 2098 hujus
389 2015 466 2081 Filii
490 2015 552 2080 [lei
574 2015 759 2080 actionibus
780 2021 815 2079 et
846 2015 1112 2080 conversationis
1139 2013 1257 2079 huma·

148 2119 216 2166 nac
237 2101 512 2181 circumstantiis,
540 2120 582 2165 ex
612 2100 721 2164 sacris
744 2097 980 2185 Prophetamm
1002 2099 1139 2164 Veteris
1161 2097 1256 2162 Test,

149 2185 321 2250 vaticiniis
342 2184 494 2270 ipsisque
521 2184 723 2269 quorundam
745 2183 843 2250 etiarn
868 2182 1078 2249 Ethuicorum
1100 2181 1256 2254 oraculis,

147 2289 193 2334 ert
215 2271 396 2335 sanctitate
417 2274 453 2333 et
480 2269 684 2353 praestantia
713 2268 886 2334 doetrinae
914 2269 1050 2334 moralis
1080 2287 1101 2332 a
1123 2267 1256 2333 Christo

148 2352 309 2432 traditae,
330 2371 373 2417 ex
395 2351 480 2417 dono
504 2353 662 2418 miracula
684 2354 838 2438 patrandi
857 2372 982 2437 resque
1005 2354 1135 2417 suturas
1158 2367 1258 2434 prae-

150 2437 285 2502 dicendi
310 2437 393 2501 inter
414 2436 623 2503 Christianos
648 2443 713 2501 tum
737 2434 847 2500 adbuc
869 2437 1027 2520 vigorate,
1064 2456 1106 2498 ex
1127 2435 1257 2514 ltlarty·
1332 2491 1334 2498 ,

153 2539 226 2584 rum
249 2521 432 2584 constantia
453 2521 593 2606 aliisque
617 2521 765 2602 plurimis
791 2521 985 2598 uirtutibus,
1018 2519 1137 2602 ortibus
1161 2514 1259 2609 Chri-

149 2603 259 2668 stiaui
287 2610 355 2668 tum
382 2604 533 2689 insignes
561 2609 669 2670 erant.
713 2605 837 2668 Horum
866 2621 886 2667 e
915 2604 1053 2667 saecula
1081 2600 1124 2663 ll.
1162 2596 1260 2662 hodie

151 2695 367 2752 numerantur
392 2707 530 2763 novem,
566 2707 702 2774 quorum
731 2687 786 2752 rel
815 2683 946 2770 Opera,
976 2687 1030 2750 ret
1054 2686 1258 2770 Fragrrrenta

148 2771 249 2836 modu
270 2779 404 2845 extant,
432 2773 489 2838 vel
513 2773 634 2837 saltem
656 2773 785 2837 nomina
807 2779 886 2838 sunt
915 2781 1009 2845 nota,
1038 2788 1121 2850 unos
1145 2785 1258 2833 omues

150 2857 255 2942 longe
275 2863 415 2940 superat
436 2855 475 2921 S.
497 2857 652 2922 ,lustinus
675 2857 762 2920 Mart
788 2875 813 2920 r.
841 2895 883 2908 -
926 2853 997 2921 sut
1026 2865 1060 2920 et
1088 2853 1172 2919 alios
1195 2870 1258 2914 ex·

150 2949 266 3004 ternos
287 2941 403 3006 hostes
420 2941 546 3006 l’atrcs
567 2940 744 3006 Ecclesiae
764 2876 829 3005 hac
851 2947 962 3005 aetate
986 2937 1149 3026 aggressi
1169 2942 1259 3006 suut,

150 3041 270 3107 nempe
291 3025 440 3089 Jrrdaeor.
485 3024 624 3090 Scilicet
653 3031 728 3108 post
756 3023 920 3092 excidium
944 3023 1259 3105 Hierosolymorum,

149 3117 187 3172 et
210 3109 405 3190 praesertim
430 3118 600 3193 postquam
628 3109 690 3173 sub
713 3105 887 3173 Hadriano
909 3107 1034 3172 Judaci
1063 3109 1178 3171 iterum
1203 3120 1258 3197 re3

153 3190 320 3257 bellantes
342 3209 385 3257 cx
408 3190 541 3258 ,iudaea
563 3192 662 3273 eiecti
684 3198 719 3257 et
746 3191 778 3256 in
810 3208 936 3255 omnem
965 3196 1085 3256 terrram
1115 3186 1259 3268 dispersi

153 3275 304 3354 fuerant,
334 3277 423 3341 omni
445 3296 507 3361 ape
529 3278 654 3343 reditus
682 3276 854 3354 abscissa,
887 3272 1040 3338 ductores
1063 3269 1259 3344 Christiani,

153 3359 209 3443 qui
230 3359 399 3445 hucusque
418 3360 561 3427 Judaeis
584 3359 692 3424 adhuc
715 3361 825 3445 magis
848 3364 1084 3445 pepercerant,
1108 3355 1260 3419 idoneum

151 3449 284 3528 tempus
306 3445 537 3510 conversionis
560 3445 685 3509 adesse
706 3445 786 3518 rati,
809 3461 868 3508 eos
890 3451 956 3506 tam
980 3461 1055 3518 ore,
1078 3457 1173 3524 quam
1189 3455 1260 3500 ¹ca-

152 3527 240 3590 lamo
278 3527 509 3594 vehementius
542 3530 739 3612 impugnare
780 3534 984 3611 coeperunt,
1029 3522 1261 3598 ostendentes,

151 3612 371 3696 praeteriisse
390 3620 521 3696 tempus
545 3615 701 3696 antiquae
715 3599 802 3694 [legi
826 3611 1042 3694 praefinitum,
1065 3625 1183 3671 novum
1208 3613 1261 3670 at·

151 3714 216 3779 que
238 3703 410 3761 ueternum
433 3697 696 3770 Testamentum,
719 3695 753 3759 in
778 3693 892 3760 Veteri
909 3696 978 3776 jam
1003 3692 1207 3777 praedictum
1227 3697 1262 3756 et

153 3777 426 3864 praefiguratum,
449 3779 649 3860 advenisse,
672 3779 823 3844 omnibns
841 3781 971 3844 omniuo
995 3775 1178 3842 hominihus
1200 3794 1261 3840 ac-

152 3861 365 3945 ceptandum.
410 3864 625 3950 Praecipuum
654 3872 772 3929 contra
800 3863 863 3930 hos
890 3868 1119 3952 argumentum
1140 3861 1261 3926 iisdem

150 3946 413 4031 suppeditabant
434 3947 570 4013 Veteris
592 3948 742 4013 Testem.
763 3949 850 4028 libri,
873 3968 956 4032 quos
979 3947 1109 4012 divinos
1132 3950 1165 4010 et
1180 3943 1261 4028 Spi-

150 4030 217 4094 ritu
240 4031 278 4096 S.
302 4031 440 4098 atlante
468 4034 511 4096 ab
540 4033 731 4098 auctoribus
760 4035 832 4098 suis
860 4033 1003 4118 scriptos
1026 4047 1106 4095 esse
1129 4029 1263 4110 ipsimet

149 4113 279 4179 ,ludaei
303 4115 511 4200 fatebantur,
546 4135 680 4202 utrorum
712 4116 852 4202 prolude
878 4115 1009 4180 nonnisi
1031 4113 1259 4197 integritatem

149 4216 335 4283 veramque
357 4200 660 4287 interpretationem
683 4200 788 4265 variis
810 4200 992 4264 rationibus
1023 4194 1159 4280 prolatis
1183 4208 1262 4284 ‘mu-

150 4283 282 4349 nire'et
304 4283 422 4352 fulcire
442 4303 586 4353 neccsse
607 4289 690 4351 erat.
713 4283 758 4349 Et
779 4282 832 4348 bic
853 4291 930 4372 post
950 4287 1118 4346 aucturam
1137 4277 1264 4354 epieto·
