2880 4660
196 325 258 392 lic

193 494 273 566 erit,
303 493 358 576 uui
381 491 481 576 primo
502 488 576 558 loco
602 490 751 577 legatur,
784 487 823 556 8.
847 486 1021 565 Clemens,
1049 487 1126 572 qnia
1148 485 1250 573 plano
1271 495 1307 554 et

198 577 290 642 facili
312 575 444 642 dicendi
467 593 594 660 genere
625 576 734 640 utitur.
779 574 842 640 llis
870 571 1015 658 proximo
1045 572 1117 638 loco
1146 573 1308 638 collocari

195 667 360 726 merentur
381 661 446 724 tria
468 661 590 742 opera,
613 659 713 744 plane
735 659 820 724 inter
841 678 881 723 se
903 655 1099 732 consimilia,
1120 657 1252 722 seilicet
1264 653 1304 722 S.

192 744 352 830 cypriani
375 744 648 810 Testimoniorum
671 744 755 810 liber
776 741 863 818 ΙΙΙ..
885 738 924 806 S.
947 740 1067 806 Basilii
1088 739 1247 814 Moralia,
1270 747 1307 806 et

195 829 234 892 S.
254 829 432 918 Augustini
453 827 645 913 Speculum,
668 845 753 912 uuae
776 829 833 890 vix
855 845 920 889 uon
942 842 986 890 cx
1007 825 1107 890 meris
1123 822 1161 889 8.
1183 822 1306 907 Scrip-

194 923 289 978 turae
312 915 488 980 sententiis
510 920 545 976 et
566 913 756 997 praeceptis
779 910 958 978 moralibus
980 908 1209 994 conglutinata
1226 914 1306 973 sunt

195 997 346 1082 adeoque
370 999 524 1064 facillime
547 1004 581 1062 et
605 996 778 1062 utilissime
800 995 967 1082 leguntur.
998 990 1061 1072 Qut
1079 992 1156 1058 dein
1175 1011 1307 1058 omnem

194 1081 413 1170 'l'heologiaru
436 1101 558 1147 mourm
581 1082 613 1146 in
638 1099 699 1146 uno
715 1080 814 1145 Putre
835 1078 988 1144 invenire
1010 1081 1044 1142 ct
1064 1075 1222 1143 inhibere
1246 1076 1306 1142 de-

194 1166 341 1241 siderat,
371 1165 596 1232 Sicuonem
627 1163 899 1248 chrysostomum
928 1159 1066 1226 rossidue
1091 1161 1246 1226 revolvet
1269 1171 1306 1226 et

195 1269 237 1316 ex
262 1250 391 1314 Latinis
414 1249 452 1316 S.
476 1248 676 1336 Gregoriurn
698 1249 870 1329 Magnum,
893 1244 1088 1332 praesertim
1114 1244 1209 1326 hujus
1232 1245 1307 1310 Mo-

195 1334 280 1398 ruliu
308 1335 340 1397 iu
371 1333 462 1419 ,ἰοὺς
494 1331 533 1399 8.
557 1351 686 1418 urroque
718 1333 883 1417 Ephraem
913 1328 1023 1413 Syrus
1051 1335 1085 1393 et
1115 1326 1181 1396 SS·
1205 1329 1306 1394 Nilus

194 1422 295 1502 utque
307 1416 474 1484 Climucus
489 1421 575 1483 omni
591 1417 689 1483 leude
708 1422 743 1481 et
758 1413 1043 1481 commendatione
1055 1411 1150 1494 digni
1169 1415 1302 1491 cunt‘)

195 1499 399 1586 Suntporro
422 1503 488 1570 ulia
506 1503 636 1568 Patrum
650 1496 762 1581 Opera
785 1499 932 1574 moralis,
955 1515 1039 1583 quoe
1063 1496 1225 1582 propriam
1241 1495 1307 1562 Sa·

195 1585 342 1651 candolis
365 1585 530 1661 Catholici
556 1587 853 1652 sanctificationem
883 1583 994 1648 mirum
1019 1582 1049 1645 in
1074 1580 1204 1646 modum
1227 1601 1307 1666 pro-

195 1686 330 1736 morere
358 1677 519 1756 possunt,
548 1687 700 1754 «puraeque
727 1669 876 1734 omnihus
898 1667 1027 1732 omnino
1049 1663 1189 1732 clericis
1211 1685 1306 1730 sirm·

197 1773 330 1838 mopere
351 1755 573 1830 commendari
597 1760 779 1820 merentur:
811 1771 965 1839 quorsum
992 1754 1147 1832 spectant
1168 1747 1207 1814 8.
1233 1751 1307 1816 Arr-

196 1841 324 1926 gustini
355 1839 616 1913 consessiones,
649 1836 687 1904 8.
715 1836 877 1903 Ambrosii
905 1836 977 1900 lihri
999 1833 1042 1900 de
1064 1833 1184 1900 oihciis
1208 1836 1308 1900 mini·

194 1931 348 2000 utrorum,
371 1922 409 1989 8.
431 1925 575 1989 tounuts
598 1922 827 2006 chrysostomi
850 1921 924 1984 libri
946 1920 988 1984 de
1010 1919 1209 1994 sacerdotio,
1232 1938 1307 1986 cum

197 2007 236 2073 8.
259 2007 439 2089 Ephreemi
463 2007 541 2091 Syri
562 2007 724 2074 Sermone
747 2006 789 2070 de
811 2003 1024 2077 Sacerdotio,
1047 2010 1082 2068 et
1104 2001 1144 2068 S.
1166 2001 1305 2087 Grego-

195 2091 235 2154 rii
257 2092 469 2157 Nazianzeni
495 2091 715 2179 Apologetico
739 2111 797 2175 pro
819 2091 902 2173 iugo
923 2109 986 2155 sua
1008 2085 1140 2176 (Serm.
1159 2085 1221 2168 h),
1244 2089 1307 2154 de·

195 2173 296 2258 nique
322 2173 360 2239 8.
384 2171 539 2258 Gregorii
569 2177 613 2240 Μ.
644 2175 727 2240 liher
748 2175 887 2262 regulae
911 2171 1090 2259 pastoralis
1113 2189 1185 2236 cum
1207 2173 1304 2254 ojus·

194 2255 270 2321 dern
301 2256 339 2322 8.
362 2257 472 2324 Patris
502 2259 645 2342 epistole
668 2263 722 2324 25.
745 2260 820 2324 lihri
842 2260 868 2323 l.
922 2255 1048 2338 Quibus
1070 2257 1222 2322 erunibus
1244 2275 1306 2322 ac-

195 2342 327 2406 censeri
350 2348 490 2428 possunt
512 2343 677 2428 cpistolae
705 2343 743 2410 S.
766 2342 972 2426 Hieronymi,
1004 2359 1139 2426 quarum
1173 2341 1307 2424 plerae-

195 2443 259 2509 que
282 2433 349 2492 tam
371 2429 545 2510 praeclara
569 2448 688 2492 morum
711 2434 909 2512 praecepta,
940 2444 1039 2511 quam
1066 2427 1213 2512 insignia
1236 2428 1307 2492 vir-

196 2517 298 2574 tutum
326 2511 479 2595 exempla
508 2512 650 2600 egregio
680 2514 780 2598 plune
808 2512 899 2595 stylo
931 2519 965 2576 et
987 2510 1136 2589 eleganti
1159 2510 1308 2578 dictione

194 2595 463 2678 subministrantg
486 2597 665 2664 Tractatns
687 2616 817 2682 qnoque
840 2595 981 2662 morales
992 2593 1028 2661 S.
1040 2593 1195 2682 Gregorii
1210 2596 1307 2679 Nys-

196 2679 268 2742 seui
297 2681 444 2745 eminent
471 2681 558 2747 inter
584 2681 711 2764 reliquo
740 2685 812 2762 ejus
835 2675 957 2765 Opera.
1022 2681 1199 2744 Praeterea
1223 2699 1306 2760 per·

198 2762 298 2826 multa
320 2764 386 2828 alia
409 2772 487 2838 sunt
510 2765 640 2830 Petrum
663 2763 787 2844 (iperet,
819 2765 850 2828 in
874 2764 992 2850 qtrihas
1014 2765 1066 2830 sin
1097 2764 1168 2828 alac
1193 2763 1306 2826 uirtu-

197 2855 250 2910 tes
281 2854 337 2912 aut
364 2848 501 2934 sin-ula
523 2849 604 2912 vitia
634 2857 899 2933 pertractantur,
932 2867 1018 2935 quoe
1045 2783 1137 2915 affire
1170 2853 1308 2932 oportet

197 2949 290 3006 eum,
329 2933 382 3018 qui
435 2953 453 2998 e
483 2933 628 3020 singulis
659 2934 834 3000 virtutihus
865 2933 964 3019 plene
991 2933 1165 3018 solideque
1186 2931 1308 2996 instrui

197 3017 323 3097 gestit,
357 3019 411 3083 rel
441 3018 495 3102 qui
525 3018 681 3083 malitiam
704 3019 864 3083 internam
887 3027 1127 3102 externumque
1149 3015 1306 3101 singulo-

198 3117 266 3162 rum
291 3102 441 3166 ritiorum
466 3103 595 3186 penitus
619 3103 689 3166 vult
710 3103 853 3169 edoceri.
898 3102 996 3166 Huuc
1025 3101 1175 3166 inionem
1201 3099 1308 3183 pluri-

197 3201 281 3246 mum
303 3184 453 3250 conferre
478 3194 615 3266 possunt
638 3185 675 3252 8.
691 3185 891 3272 cyprianus,
912 3185 980 3252 88.
998 3185 1145 3250 Basilius
1168 3191 1202 3248 et
1217 3183 1308 3249 Gre-

196 3267 313 3351 gorius
337 3269 527 3352 Nyssenus,
551 3269 589 3335 8.
603 3271 799 3336 Ambrosius
822 3276 856 3337 et
879 3271 1018 3336 maxime
1040 3268 1078 3335 8.
1095 3268 1308 3355 Augustiana

198 3357 229 3414 in
253 3352 357 3417 variis
378 3354 531 3439 epistolis
552 3363 585 3420 et
607 3356 816 3422 tractatibus.
840 3357 893 3435 **)

200 3555 407 3568 m

250 3685 279 3752 l¹)
297 3691 455 3812 {tementis¹
467 3697 649 3749 Alexandrtnt
670 3700 866 3784 viredurogps,
885 3697 958 3748 lttrcr
976 3697 1089 3747 mrrltrun
1108 3707 1142 3746 no
1157 3687 1224 3780 jura
1242 3695 1310 3759 qut·

302 3770 673 3896 bprprmmstppsst'trptetdppplph
679 3767 1309 3902 811118888881880οἳιεὶιηὲῗιιᾟιῑίῑῗὲῗίτιὶυιᾳυξιῗί

304 3903 393 3961 doque
412 3909 502 3965 carpto
520 3917 569 3964 pru
585 3910 740 3968 {uolgentur
763 3911 806 3956 sul
832 3910 913 3968 uert,
938 3909 976 3956 aa
995 3913 1025 3955 ut
1042 3916 1125 3956 aures
1144 3913 1308 3972 ruentesque

304 3973 421 4052 prrdtcac
447 3977 581 4034 quaedum
605 3978 709 4037 absque
734 3977 865 4027 scandalo
883 3977 959 4026 terre
979 3981 1026 4027 le
1046 3981 1168 4039 possint,
1194 3979 1308 4026 nourr-r

303 4040 444 4102 oltqarhus
463 4047 491 4093 in
511 4044 578 4094 locta
596 4050 748 4110 curttpatus
765 4048 949 4098 commcndart
970 4051 1102 4097 meretur.

233 4133 283 4200 M¹)
303 4137 456 4272 gamm
475 4141 612 4204 operibns
635 4146 754 4208 singulte
781 4149 864 4206 etde,
893 4157 964 4209 quoe
989 4147 1048 4195 dtxt
1073 4149 1102 4194 tn
1123 4146 1194 4194 Nota
1222 4147 1256 4193 ud
1281 4141 1311 4202 ς.
