2880 4660
203 298 265 364 tat
379 304 382 310 '

206 463 325 530 missa.
347 461 380 537 ⁹⁵)
424 457 495 525 Sed
517 461 589 521 eutit
612 459 727 522 aanor
750 455 850 540 plane
872 452 1062 543 ignoretur,
1085 456 1139 533 ”)
1160 473 1225 522 nec
1247 475 1315 523 na·

207 566 304 634 quam
326 543 518 610 Ecclesiae
543 541 672 606 istolam
695 539 793 604 istam
814 557 875 604 suo
907 538 1034 605 calculo
1061 557 1105 623 ap
1130 541 1314 618 roborent,

207 634 295 699 inter
316 628 462 716 genuina
483 624 510 691 S
577 625 707 691 l'atrum
731 629 938 688 monumenta
959 642 1033 688 can
1054 625 1223 690 relocare
1244 643 1312 690 non

208 717 297 793 licet,
319 714 469 796 quamvis
492 718 525 775 et
547 707 805 794 antiquissimam
827 725 908 772 esse
931 713 966 782 et
995 709 1316 790 praestantissimam

207 817 304 866 nemo
325 795 425 862 facile
448 793 634 878 negaverit.
660 791 766 873 liujus
788 809 870 856 vero
892 791 1059 875 epistolae
1081 800 1314 889 argumentum
1431 787 1432 858 i

207 884 278 950 tale
299 887 369 947 est:
414 875 772 966 Diognetus'quidam‚
807 873 948 939 nondum
973 873 1200 954 Christianus,
1239 879 1315 960 ejtts

207 973 317 1032 tamen
351 963 522 1029 doctrinae
552 959 810 1048 cognoscendae
836 958 994 1045 cupidus,
1023 960 1150 1025 auctori
1181 960 1314 1047 aliquas

210 1053 394 1117 circaeam
417 1045 630 1131 quaestiones
652 1041 838 1128 proposuit,
860 1042 893 1106 in
916 1061 1051 1128 quarum
1074 1043 1240 1110 solutione
1262 1047 1316 1110 io-

209 1141 339 1223 tegram
362 1130 524 1216 epistolae
551 1135 782 1216 argumentum
812 1132 976 1192 versatur·
1022 1129 1072 1192 Ae
1106 1128 1209 1214 primo
1239 1131 1315 1212 qui·

209 1218 285 1284 dem
318 1217 523 1302 interrogat,
559 1229 660 1297 quare
689 1208 869 1276 Christiani
900 1207 1162 1277 el·Graecorum
1192 1217 1228 1277 et
1248 1213 1347 1278 Ju-·

213 1302 369 1367 dacorum
391 1316 491 1362 sacra
513 1296 682 1377 rejiciant,
703 1311 813 1372 novae
835 1294 935 1380 plane
956 1293 1129 1362 doctrinae
1148 1294 1314 1384 discipuli.

210 1381 435 1472 Respondens
456 1380 619 1465 epistolae
640 1385 754 1443 auctor
765 1375 964 1443 Graecorum
987 1379 1148 1444 insaniam
1169 1381 1315 1468 egregie

210 1467 382 1542 describit,
405 1466 459 1550 rpri
482 1463 547 1527 diis
569 1462 770 1528 manufactis
793 1461 935 1528 honores
956 1462 1088 1530 divinos
1102 1462 1314 1538 exhiberent,

209 1552 456 1633 vanitatemque
478 1548 585 1613 cultus
607 1545 779 1623 idolorum,
793 1545 866 1612 sive
888 1547 1078 1613 substantia
1100 1566 1221 1624 eornm,
1238 1549 1315 1614 sive

209 1635 315 1700 forma
337 1630 582 1710 consideretur,
617 1630 779 1694 acerrime
807 1628 958 1695 traducit
1001 1630 1089 1698 Dein
1108 1631 1315 1698 Judaeornm

209 1717 406 1784 dementiam
430 1713 639 1801 perstringit,
661 1714 716 1798 qui
739 1711 812 1778 Deo
833 1713 963 1798 qrridem
987 1733 1080 1794 vcro,
1101 1721 1155 1781 ast
1174 1717 1221 1781 ita
1243 1733 1316 1782 ser·

209 1803 337 1881 virent,
365 1801 460 1884 quasi
481 1817 593 1864 eorum
614 1798 752 1863 servitio
774 1798 912 1886 indigus
933 1807 1042 1878 esset,
1071 1799 1192 1884 quique
1214 1799 1317 1866 anxia

208 1885 323 1971 legum
345 1882 609 1949 ceremonialium
629 1880 844 1947 observantia
865 1881 1055 1968 stolidoque
1083 1884 1126 1949 de
1159 1903 1222 1949 sua
1250 1887 1316 1950 cir-

210 1969 414 2036 cumcisione
430 1966 596 2048 iactantia
613 1963 884 2048 justificationem
904 1984 945 2032 se
967 1985 1046 2034 esse
1077 1975 1316 2034 consecuturos

209 2069 383 2139 perperam
407 2056 615 2115 autumarent
638 2043 690 2136 (c.
716 2050 841 2130 1-4.).
863 2089 905 2100 -
947 2051 1026 2116 Mox
1049 2052 1170 2117 transit
1190 2051 1233 2118 ad
1262 2052 1317 2116 al·

207 2147 314 2199 teram
338 2132 584 2219 quaestionem:
607 2131 651 2196 de
672 2133 802 2197 interna
824 2133 998 2221 religionis
1020 2133 1234 2202 Christianae
1254 2153 1318 2201 es-

210 2217 320 2283 sentia
341 2216 524 2280 theoretica
545 2223 579 2281 et
602 2215 765 2300 practica,
794 2235 859 2301 qna
887 2217 1041 2284 mundum
1069 2219 1175 2304 ipsum
1197 2239 1319 2305 asper·

208 2309 330 2368 nentur
352 2317 466 2364 omnes
489 2306 690 2383 mortemque
712 2307 933 2367 contemnunt.
975 2302 1040 2369 llic
1063 2305 1132 2387 jam
1161 2305 1318 2389 egregiis

210 2387 341 2451 omnino
364 2382 528 2448 coloribus
552 2383 707 2468 depingit
725 2385 889 2470 ,candidos
909 2385 1170 2454 Christianorum
1193 2407 1319 2468 mores,

209 2471 265 2555 qui
289 2471 423 2556 genium
447 2487 527 2533 uere
550 2468 775 2552 Apostolicum
797 2476 832 2534 et
854 2469 1001 2536 divinum
1022 2471 1164 2558 sapiunt,
1187 2489 1230 2536 ac
1248 2492 1320 2538 ma-

211 2557 297 2620 xime
318 2553 485 2638 insignem
508 2571 620 2618 eorum
641 2559 741 2636 atqtre
761 2559 946 2639 spectatam
965 2555 999 2620 in
1023 2556 1126 2621 uariis
1158 2575 1320 2640 perseeu-

209 2637 354 2704 tionibus
376 2637 587 2700 tolerantiam
610 2635 665 2725 [o.
688 2629 756 2784 bs).
800 2635 846 2702 Ut
879 2647 987 2704 arrtem
1018 2639 1188 2706 doetrinae
1217 2639 1320 2706 Chri-

209 2722 342 2786 stianae
364 2722 603 2804 praestantiam
632 2721 828 2803 patescat,
858 2722 1073 2807 multiplicem
1102 2722 1322 2808 depraedicat

210 2805 351 2870 fructum
374 2822 416 2867 ex
441 2804 605 2890 religione
627 2801 817 2869 Christiana
838 2806 1020 2886 oriundam,
1036 2805 1091 2894 qui
1112 2825 1155 2873 ex
1178 2825 1321 2874 conver-

210 2890 341 2952 satione
363 2907 434 2952 cum
458 2885 659 2952 l'lrristianis
680 2887 713 2952 in
736 2893 837 2954 tottrm
860 2908 970 2978 genus
992 2891 1166 2956 humanum
1193 2891 1321 2969 redun-

212 2973 280 3052 dat,
302 2991 387 3049 cum,
409 2971 497 3054 qrrod
520 2973 627 3037 anima
650 2978 703 3037 est
725 2971 758 3036 in
780 2989 930 3060 corpore,
952 2975 986 3040 id
999 2973 1181 3042 Christiani
1197 2977 1266 3042 siut
1284 2977 1319 3042 in

217 3175 420 3190 m

263 3308 290 3372 *l
308 3311 376 3362 Vtri·
394 3323 439 3374 ep.
458 3313 493 3363 art
513 3312 642 3377 Diognet-
659 3327 686 3363 o.
709 3314 750 3364 tt.
769 3313 809 3364 ct.
828 3325 854 3364 o.
876 3314 901 3364 l.
920 3314 946 3364 2.
971 3313 1000 3366 9.
1021 3319 1051 3364 et
1074 3327 1101 3366 a·
1119 3316 1148 3368 5.
1167 3314 1196 3369 7.
1225 3317 1322 3380 Argu-

314 3385 409 3432 menta
428 3383 496 3432 baec
515 3385 642 3444 interna,
660 3385 759 3448 quibus
778 3387 990 3444 demonstratur,
1010 3386 1155 3446 epistota·
1175 3387 1247 3435 banc
1265 3401 1321 3437 nou

313 3463 377 3502 esse
396 3453 425 3501 8.
444 3453 565 3516 destini,
590 3459 622 3504 ut
637 3455 701 3504 oltaa
721 3453 831 3516 quibem
850 3457 984 3504 cradtturu
1003 3460 1064 3515 est,
1081 3457 1131 3506 sed
1150 3458 1321 3517 antiquior-ts

313 3517 458 3586 eujusdam
475 3525 633 3587 scriptoris,
651 3525 795 3588 proterunt
813 3531 842 3574 et
860 3527 1039 3584 comprobant
1056 3526 1322 3588 primns'l'tttemont

314 3591 336 3642 ι.
356 3603 382 3642 c.
401 3594 502 3643 debinc
518 3593 632 3656 Nourry
650 3599 753 3658 appar.
772 3595 804 3644 τ.
825 3597 848 3644 1.
866 3607 894 3655 p.
912 3593 964 3645 alb
981 3605 1060 3657 seqq,
1084 3595 1147 3646 0rst
1167 3597 1250 3644 istor.
1269 3605 1321 3644 ee-

314 3661 386 3711 oles.
404 3663 453 3714 lib.
465 3665 502 3712 11.
521 3661 550 3722 S·
565 3663 610 3715 26.
630 3665 760 3715 tintinna,
777 3665 905 3725 mamper,
924 3663 1043 3724 Miller,
1063 3665 1161 3716 iterate
1179 3665 1252 3714 locta
1267 3675 1322 3714 sn-

316 3741 367 3791 pra
389 3735 438 3780 oit.
474 3732 602 3784 ceterum
621 3735 682 3796 aut,
701 3738 731 3783 ut
748 3735 868 3794 Lumper
886 3748 913 3794 p.
935 3733 1067 3786 too-at.
1085 3736 1156 3786 hane
1173 3735 1324 3795 epistolam

316 3811 390 3848 anno
408 3803 523 3851 circiter
540 3803 586 3853 66.
603 3809 735 3866 scriptam
755 3799 919 3866 coujtctunt,
937 3805 989 3854 alit
1007 3817 1068 3856 eam
1087 3807 1123 3858 ad
1141 3818 1170 3856 a·
1183 3805 1322 3862 tta-117.

315 3869 458 3932 referunt,
476 3875 508 3921 ut
525 3873 636 3924 Mtibtor
653 3875 674 3922 l.
695 3885 721 3923 o.
741 3885 768 3934 p·
791 3871 904 3950 19-2d·

245 3959 297 4023 *ll
316 3967 375 4017 atu
394 3967 459 4016 olim
478 3971 616 4018 auctorem
635 3967 717 4033 trojia
735 3970 873 4032 eptstolae
896 3982 1033 4022 censuere
1050 3972 1190 4022 Jarttnurn
1208 3971 1324 4034 marty-

316 4047 395 4098 ram,
419 4037 769 4100 reuerentissimo„
793 4039 844 4093 allt
869 4043 976 4092 denium
1000 4044 1158 4106 aportmem
1182 4042 1212 4091 s.
1231 4042 1324 4092 Panto

318 4109 346 4157 tn
366 4107 450 4169 epist.
468 4107 492 4156 1.
512 4111 546 4157 act
566 4107 722 4160 Corinthios
740 4117 996 4176 commemoratum
1026 4124 1123 4162 verum
1141 4114 1212 4162 traso
1230 4115 1327 4162 omnia

317 4177 401 4239 plane
420 4179 531 4228 luceria
549 4181 615 4228 snut
632 4183 661 4230 et
678 4183 763 4230 marte
782 4177 951 4243 conjectans
969 4183 1136 4233 innituntur.
1156 4183 1223 4234 vid.
1238 4181 1327 4232 Lun-

314 4257 366 4311 Fffl'
383 4249 418 4302 Pe
434 4249 458 4300 10
479 4263 508 4314 Pr
523 4247 584 4302 183·
602 4253 632 4303 Οἵ
648 4264 676 4314 [le
698 4247 828 4302 ¹8⁹·'900
