2886 4660
75 1166 82 1185 ‘
194 1174 268 1234 rate

189 305 229 369 ot

101 434 109 488 ἲ
193 469 263 536 SS.
286 467 420 534 l’atrum
448 467 482 532 in
512 467 578 530 tine
607 461 746 552 adjungi
773 464 904 544 solent,
934 463 1079 550 apprime
1107 461 1305 532 inservient.

193 551 254 620 Sic
277 550 315 618 S.
340 550 489 636 cyrillus
513 547 781 622 Alexandrinus,
808 548 838 614 si
860 567 904 614 ex
927 545 1177 614 Commentariis
1198 547 1309 632 ipsius

190 636 349 720 judicium
370 635 434 702 erit
457 632 644 714 ferendum,
672 633 838 699 inferioris
859 632 1013 698 subsellii
1035 631 1232 698 censebitur
1252 633 1308 698 in·

193 729 347 808 terpres3
380 717 411 784 si
439 724 549 784 autem
576 737 619 782 ex
649 717 805 804 operibus
836 715 1033 804 dogmaticis
1063 722 1099 782 et
1130 715 1303 800 potenteis

194 825 269 872 eum
291 803 520 876 aestimemus,
549 802 580 866 in
605 820 686 868 vero
708 807 743 866 et
764 801 887 868 literali
910 799 1104 886 scripturae
1126 818 1229 866 seusu
1252 801 1307 866 in-

194 887 361 1037 uenieugo
389 894 423 953 et
444 883 642 972 exponendo
671 885 921 952 versatissimus
951 893 1005 952 est
1033 883 1203 970 primoque
1231 886 1305 952 loco

200 973 310 1040 haben
337 991 385 1038 us.

280 1077 325 1234 42
348 1082 387 1148 lu
409 1081 493 1179 ipsis
515 1099 644 1167 quoque
666 1081 822 1188 operibus
835 1081 968 1178 Patron
991 1079 1180 1176 exegetieis
1203 1097 1308 1146 necu-

315 1183 437 1234 rscernr
459 1165 560 1231 (lebet
580 1183 704 1231 sensus
728 1165 924 1242 trectense,
946 1182 1043 1249 quem
1064 1165 1106 1230 ab
1130 1181 1206 1247 rpsa
1230 1164 1303 1230 loco

195 1251 326 1319 cuidam
356 1248 394 1316 S.
418 1247 613 1333 Scripturne
641 1249 740 1314 tribui
769 1247 888 1314 Patres
918 1246 1043 1314 diserte
1071 1254 1257 1326 testantur,
1285 1267 1307 1313 a

194 1335 330 1422 propria
350 1333 404 1400 vel
426 1333 593 1421 singulari
615 1329 683 1399 SS.
708 1333 841 1398 Petrum
864 1331 1034 1418 opinione,
1062 1337 1097 1397 et
1125 1341 1306 1398 asenteu-
1404 1333 1409 1340 ’

194 1420 251 1486 tiis
280 1417 441 1494 aliorum,
471 1435 702 1502 nonuunquam
732 1417 832 1514 etiarn
863 1416 1121 1493 haereticorum,
1156 1433 1250 1565 περ
1272 1415 1305 1481 in
1356 1419 1360 1426 ’

199 1502 444 1571 Commentario
465 1519 529 1567 sua
550 1501 677 1567 referre
698 1499 799 1566 osticu
820 1501 874 1566 sui
896 1499 1118 1576 duxerunt.*)
1195 1517 1308 1565 aarum

196 1594 252 1654 est
272 1585 452 1652 auctoritas
475 1585 715 1671 expositionum
738 1584 831 1669 primi
853 1584 1002 1672 generis,
1020 1601 1143 1672 magna
1162 1583 1307 1732 gleron-

197 1689 264 1756 que
291 1669 534 1754 expositionum
563 1669 718 1745 alterius,
748 1666 884 1735 diuersa
914 1668 1058 1753 (lenique
1081 1687 1139 1753 pro
1186 1669 1307 1734 iversi-

196 1760 276 1852 tate¹
304 1757 472 1819 auctorum
508 1759 561 1818 est
596 1756 778 1818 auctoritas
814 1753 1085 1838 explanationum
1120 1751 1209 1820 tertii
1243 1771 1309 1838 gc-

203 1858 307 1906 uerus.

282 1943 327 2036 a)
351 1949 485 2015 Petrum
515 1948 711 2035 singillatim
742 1955 954 2037 acceptorum
982 1948 1016 2013 iu
1045 1947 1248 2034 exponenda
1269 1947 1307 2016 S.

196 2033 373 2119 Scriptura
395 2049 436 2098 eo
458 2033 596 2116 gravior
617 2038 672 2098 est
693 2034 897 2108 auctoritas,
920 2051 984 2130 quo
1006 2034 1107 2116 maJor
1129 2033 1229 2099 luerit
1249 2051 1308 2099 co·
1424 2119 1425 2122 Ἴ

198 2137 269 2184 rum
291 2114 471 2188 sanctitas,
494 2134 557 2200 quo
580 2117 803 2200 praestantior
824 2116 983 2193 eruditro,
1011 2134 1112 2182 sacra
1133 2124 1168 2183 et
1186 2117 1306 2267 (troia-
1424 2125 1425 2130 ’

198 2218 259 2280 ua,
283 2197 411 2264 demum
434 2216 498 2282 quo
519 2198 747 2266 excellentiori
770 2202 803 2266 in
826 2201 936 2288 gradu
946 2201 1123 2267 Ecclesiae
1145 2220 1185 2268 ca

197 2282 437 2370 approbantem
467 2281 601 2348 tulerint
629 2283 662 2349 iu
689 2283 753 2350 hac
775 2285 947 2366 speciatim
976 2285 1134 2362 materian
1163 2303 1229 2372 qua
1251 2305 1310 2350 ra-

197 2368 289 2434 tione
311 2364 453 2438 maxime
474 2365 619 2432 eminent
640 2369 673 2432 in
695 2370 907 2454 expositione
926 2367 1111 2436 theoretica
1133 2367 1172 2436 S.
1184 2369 1307 2436 lliero·

198 2469 338 2536 nymus,
369 2468 465 2536 quem
496 2449 652 2516 Ecclesia
710 2452 742 2516 in
765 2452 973 2540 exponendis
994 2453 1102 2521 sacris
1124 2453 1309 2552 scripturis

197 2535 378 2602 Ductorem
398 2533 598 2633 maximum“
620 2537 653 2600 in
676 2497 796 2604 sslsscio
817 2537 1013 2622 compellat,
1042 2538 1077 2603 in
1099 2538 1309 2624 expositione

197 2638 279 2687 vero
303 2625 451 2705 practica
473 2617 511 2684 S.
534 2619 688 2686 loannes
711 2619 980 2705 Chrysostornus.

282 2730 400 2813 ltaque
417 2725 611 2794 Catholicae
633 2731 798 2816 interpres
820 2749 951 2798 sacram
967 2731 1170 2821 Scriptorum
1193 2732 1226 2800 in
1250 2750 1307 2800 re-

196 2815 271 2907 bus·
290 2808 367 2902 fidoi
394 2817 428 2875 et
442 2826 579 2905 ‘morum
608 2815 729 2895 ,juxto
756 2817 936 2880 arcuationem
964 2837 1142 2881 cornetanae
1171 2817 1307 2884 Patron!

196 2893 839 3058 ntttnttttttitttlititt
847 2901 934 3050 1.ξὲ
957 2899 1124 3068 ..111111
1147 2919 1223 3052 ’ἔέ
1239 2899 1309 3052 ll·

196 3068 281 3127 trum
303 3075 490 3126 cousensus
511 3059 693 3146 habeatur,
722 3065 756 3130 in
778 3067 915 3154 reliquis
937 3074 1047 3134 autem
1070 3067 1105 3134 id
1127 3088 1224 3134 unum
1248 3086 1308 3135 ca-

197 3143 426 3222 vendonsa,
460 3162 503 3210 ue
524 3145 631 3214 locum
653 3167 879 3236 quemcunque
902 3161 1016 3216 contra
1038 3174 1218 3216 cornuorum
1240 3153 1307 3219 l‘a-

197 3235 282 3294 trum
311 3227 346 3293 iu
373 3227 475 3294 relrus
504 3227 580 3297 tlrlei
601 3237 636 3298 et
657 3251 780 3300 morum
808 3237 1086 3321 interpretemur,
1120 3237 1230 3321 palam
1261 3237 1308 3316 rit,

197 3311 411 3410 interpretum
434 3309 642 3400 diligentiae,
664 3334 729 3382 non
751 3320 907 3386 obstante
929 3319 988 3386 illa
1006 3319 1185 3388 Ecclesiae
1205 3337 1309 3386 sanc-

196 3402 288 3462 trone
307 3406 425 3464 contra
446 3399 632 3482 petulantia
654 3399 803 3486 ingenia,
825 3404 1060 3490 amplissimum
1083 3411 1201 3490 patere
1215 3422 1308 3470 canr-

198 3499 283 3564 pum.
327 3481 371 3547 Et
392 3498 512 3546 revera
533 3482 564 3546 in
588 3482 698 3564 relus,
721 3505 807 3570 qaae
829 3486 873 3554 ad
895 3487 1163 3555 aedificationem
1183 3487 1309 3555 Eccle-

197 3563 270 3659 siae
300 3582 365 3660 nou
396 3563 577 3647 pertinent,
614 3567 704 3634 circa
734 3589 818 3655 quas
847 3570 1062 3657 interpretum
1088 3572 1309 3638 recentiorum

195 3643 361 3746 rnnustrra
383 3647 575 3745 plerumque
599 3659 767 3731 uersatur,
794 3655 853 3742 vix
875 3655 976 3722 ullum
998 3655 1157 3722 Ecclesia
1180 3655 1309 3722 frenum

196 3735 319 3810 mJecrt.
360 3731 514 3797 lnceutm
536 3739 663 3800 tanturn
687 3738 891 3821 perniciosa,
913 3759 999 3826 quae
1022 3746 1143 3805 cuncta
1164 3739 1310 3806 subver-

1200 2202 1309 2268 culum

249 4047 277 4109 ’1
295 4047 497 4117 &Hieronym-
512 4059 576 4106 aar.
597 4057 687 4108 liuta.
708 4061 756 4110 lib.
778 4063 798 4110 l.
817 4075 846 4112 u.
869 4062 911 4114 16.
933 4065 980 4114 lib.
1003 4067 1050 4116 111.
1070 4078 1099 4116 ιι.
1122 4067 1164 4116 11.
1184 4067 1213 4115 ct
1231 4076 1310 4128 stop.

231 4143 276 4208 **)
295 4149 433 4273 tgrzrlessgo
460 4152 522 4204 tinet
547 4153 705 4208 catholicae
719 4164 747 4208 ‘n
772 4161 819 4210 Plo
837 4161 888 4211 lv.
916 4163 1001 4212 outa.
1039 4162 1082 4212 cr.
1102 4161 1209 4214 (lancti.
1228 4165 1307 4214 Ertt.

340 4235 380 4272 ss.
422 4253 430 4270 .
