2880 4660
111 497 151 560 11·
164 490 350 558 Commodo
369 489 622 578 apologeticam
645 489 749 559 dedit
763 496 798 575 1)
841 492 947 562 lideiii
968 513 1065 582 porro
1086 501 1121 562 et
1143 513 1226 563 con-

111 589 165 642 tra
178 577 334 642 Jiidaecs
357 581 393 641 et
414 582 530 640 contra
551 575 741 643 haereticos
762 597 822 663 pro
844 579 987 646 veritate
1007 579 1224 650 l'idelCiitbc·

113 665 201 728 lieae
224 660 354 748 insigni
376 677 449 726 cain
471 659 572 726 laude
600 659 831 744 decertaiuiitt
866 661 977 750 Opera
1003 683 1093 732 vero
1113 683 1226 734 eoruni

112 757 179 812 tam
203 745 440 834 apologetica,
463 763 559 830 quain
582 744 709 830 reliqua
731 747 899 813 interiere.

175 855 224 922 ll.
250 855 317 922 Alii
339 873 440 932 vero,
471 856 526 941 qiii
549 875 606 941 pro
629 855 754 924 Christi
776 857 841 924 lide
870 859 1047 946 apologias
1077 861 1225 948 seripse-

244 947 322 1006 rant
342 939 386 1004 ad
410 949 555 1004 nostram
577 959 684 1027 usque
712 949 857 1008 aetatem
888 951 1126 1020 conservatas,
1159 965 1224 1012 noii

243 1030 342 1095 sunt,
372 1022 437 1088 nisi
467 1021 658 1107 Scriptores
681 1027 924 1108 ecclesiastici,
958 1047 1094 1114 quorum
1115 1025 1228 1117 Opera

243 1109 361 1195 paucis
387 1107 441 1172 hic
462 1107 628 1174 indicabo.

205 1229 366 1294 Tuticani
388 1227 567 1312 Assyrius,
603 1227 749 1298 Gentilis
772 1238 889 1306 antea,
908 1231 1121 1318 philosophia
1143 1235 1227 1302 arti-

112 1314 247 1402 busque
269 1333 310 1378 ac
334 1311 519 1410 disciplinis
542 1313 746 1382 Graecorum
769 1315 952 1404 diligenter
977 1319 1151 1398 excultus,
1186 1337 1227 1385 ac

114 1401 229 1466 multis
256 1406 450 1486 peragratis
481 1400 676 1484 regionibus
703 1401 841 1466 Romam
865 1400 998 1468 delatus
1026 1403 1070 1469 ibi
1093 1402 1227 1470 Christo

114 1501 239 1550 nomen
272 1482 383 1562 dedit,
418 1483 544 1548 Jnstini
567 1485 726 1568 lllartyris
747 1493 896 1553 sectator
917 1487 1026 1552 tactas
1048 1495 1082 1554 et
1103 1490 1227 1554 florens

115 1572 155 1670 in
175 1567 352 1665 Ecclesia,
374 1568 528 1653 quamdiu
552 1569 594 1666 ab
617 1571 689 1652 ejus
711 1570 817 1668 latere
838 1589 905 1636 non
927 1569 1096 1670 discessit.
1144 1573 1228 1639 Post

113 1652 1231 1834 aisaciaeaaaiitatarariiacarnaniam}

114 1829 323 1886 orandorum.
367 1819 432 1886 Hic
454 1839 551 1908 porro
573 1821 700 1887 infinita
720 1824 857 1910 scripsit
878 1824 1061 1903 volumina,
1089 1843 1132 1890 eir
1153 1822 1229 1908 qui-

116 1923 186 1988 bus
213 1905 352 1982 Oratio
378 1915 513 1982 contra
531 1907 672 1982 Gentes
691 1923 780 1990 inter
800 1920 1032 2010 omniabpera
1053 1925 1126 2008 ejns
1148 1924 1232 1990 emi-

116 2013 178 2072 net
209 2017 310 2094 atque
339 2008 412 2073 sola
439 2007 482 2074 ad
512 2016 659 2073 nostram
688 2009 843 2094 pervenit
872 2014 1038 2086 aetatem,
1059 2011 1110 2090 ”)
1144 2025 1229 2106 qaae

114 2093 251 2158 Romae
272 2092 481 2170 elucubrata,
512 2093 597 2159 loric
618 2092 717 2158 etiam
738 2093 872 2180 publice
894 2111 1003 2160 coram
1026 2091 1230 2160 auditoribus

114 2177 334 2266 pronuntiata
352 2177 459 2243 inisse
476 2176 608 2243 videtur
627 2177 715 2242 haud
739 2178 824 2244 adeo
846 2179 901 2244 diii
922 2177 1134 2266 postJnstini
1156 2177 1230 2244 obi-

116 2267 205 2340 tum,
229 2279 303 2328 cum
327 2258 436 2326 adhuc
457 2259 659 2328 orthodoxus
680 2271 775 2328 esset
796 2271 922 2330 auctor.
951 2263 1003 2328 Ea
1023 2263 1056 2328 iii
1079 2267 1231 2330 oratione

116 2345 340 2444 demonstrat·
359 2345 520 2444 'l'atinniis
548 2347 787 2444 praestantiam
816 2355 851 2413 et
878 2347 1104 2446 antiquitatem
1132 2347 1231 2414 chit-

116 2435 259 2494 stianae
281 2429 451 2513 religionis
478 2449 542 2496 noii
565 2449 639 2496 sine
660 2430 787 2496 aalihiis
809 2439 845 2497 et
866 2430 991 2496 aculeis
1013 2449 1046 2494 iii
1068 2431 1233 2497 adversa-

118 2513 218 2586 rios:
248 2514 428 2597 etquidem
451 2517 483 2579 iii
508 2515 651 2599 paitel.
681 2514 840 2581 interiora
869 2515 1044 2660 religionis
1074 2514 1234 2600 dogmata

119 2595 281 2676 apertius
309 2599 454 2682 exponit,
490 2605 527 2664 ut
554 2598 644 2663 illius
669 2597 911 2748 Braestantiam
958 2604 1155 2678 emonstiet3
1192 2616 1233 2663 aa

119 2679 280 2768 pluribus
301 2681 470 2760 edisserit,
501 2681 579 2768 quid
603 2682 647 2748 de
703 2701 743 2748 eo
764 2683 905 2765 ejiisuue
926 2681 1060 2757 Verbo,
1092 2681 1169 2768 qaid
1191 2681 1235 2749 de

120 2763 242 2831 mundi
263 2767 430 2834 creatione
453 2773 487 2832 et
509 2785 681 2852 corporum
703 2765 966 2843 resurrectione,
999 2764 1077 2852 qaid
1105 2766 1148 2832 dc
1172 2766 1235 2834 ho·

118 2849 224 2915 minis
242 2847 340 2935 lapsu
362 2858 398 2917 et
419 2850 462 2917 de
483 2849 601 2934 lapsus
623 2851 801 2935 reparandi
821 2849 928 2918 modis
951 2847 1132 2918 Christiani
1153 2871 1235 2919 sen·

120 2936 230 3012 liant,
254 2953 295 3000 aa
317 2936 452 3001 tandein
474 2933 558 3001 haec
578 2936 731 3001 instituta
750 2941 920 3022 comparat
941 2955 1013 3002 cum
1025 2933 1236 3002 Ethnicorum

121 3017 291 3084 institutis
315 3015 372 3107 [n.
398 3013 547 3104 1-30.).
596 3019 635 3084 ln
659 3023 753 3106 parte
775 3021 819 3084 11.
842 3020 1062 3086 Christianam
1085 3018 1236 3104 pbiloso-

124 3103 241 3187 pbiam
271 3105 376 3191 longe
405 3105 622 3190 antiquiorem
653 3121 732 3171 esse
754 3101 957 3170 Graecorum
985 3103 1145 3170 institutis
1175 3104 1238 3170 de-

123 3193 311 3259 monstrat.
343 3186 499 3253 adductis
521 3192 553 3252 in
577 3189 761 3275 exemplam
782 3188 878 3253 blase
899 3195 935 3253 et
954 3187 1099 3252 Homero
1123 3206 1172 3261 iii.
1195 3191 1236 3252 31

126 3271 254 3350 Aa).
298 3271 338 3337 lii
361 3271 424 3338 hac
447 3274 607 3348 oratione,
629 3273 711 3338 licet
730 3271 904 3338 admodum
925 3272 1021 3336 varia
1043 3270 1240 3354 minimeque

123 3352 264 3440 inignit
285 3356 472 3423 eruditione
494 3357 540 3424 sit
562 3357 699 3436 referta,
719 3356 828 3440 stylus
846 3363 969 3430 tamen,
985 3353 1136 3441 quamvis
1151 3353 1239 3420 haud

121 3439 311 3528 inelegans
333 3441 390 3522 sit,
411 3441 521 3529 magis
542 3450 655 3508 tamen
678 3439 802 3527 politas
823 3445 858 3506 et
879 3437 1084 3520 elaboratus,
1098 3456 1140 3504 iic
1157 3455 1240 3503 coii-

62 3825 64 3828 .
178 3771 214 3835 *1
231 3777 337 3829 meli.
356 3781 406 3830 tlh.
426 3781 455 3833 o.
481 3794 507 3831 a·
529 3781 572 3833 17.
592 3785 621 3831 et
638 3779 683 3832 28.
722 3781 752 3831 a.
771 3781 931 3846 lttcronyin·
951 3783 986 3833 de
1003 3781 1074 3832 virts
1091 3779 1194 3832 tlluiitr.
1214 3794 1240 3831 c.

237 3847 285 3900 39.
305 3853 335 3900 at
353 3861 400 3913 ep.
419 3851 464 3903 70.
483 3863 513 3901 ii·
530 3850 559 3901 1.
584 3853 749 3914 „Miltiaden
766 3855 947 3904 scutatorum
966 3849 1109 3916 1011111110·δ
1126 3853 1244 3904 vocatur

239 3931 258 3968 a
274 3920 393 3972 Tantali.
413 3925 479 3973 aar.
500 3923 642 3972 valentin.
661 3933 688 3972 c·
707 3923 735 3975 5.

166 4009 220 4075 ⁸⁸)
239 4017 271 4068 Β.
291 4019 423 4071 irenaeus
440 4021 505 4070 aar.
525 4020 635 4069 haeres.
654 4021 707 4070 111).
725 4021 749 4069 Ι.
775 4033 800 4070 o·
819 4017 865 4072 28.
901 4019 1003 4070 Bacch.
1028 4019 1078 4069 llb.
1097 4013 1126 4069 t.
1152 4031 1178 4068 ο.
1199 4015 1242 4068 ld.

240 4091 271 4137 et
288 4087 334 4139 29.
356 4091 407 4139 111.
426 4089 453 4141 5.
473 4103 499 4139 c.
521 4089 562 4140 13.
599 4091 630 4138 a,
648 4089 782 4152 Epiphan.
802 4089 880 4138 haer.
898 4085 943 4139 dli.
980 4091 1007 4137 s.
1027 4089 1188 4150 lltcronyin.
1208 4087 1243 4134 dc

241 4159 316 4208 vlits
334 4159 439 4212 illustr.
460 4174 485 4210 c.
505 4157 551 4211 29.
588 4157 634 4210 cl.
653 4155 738 4210 Prud.
757 4159 863 4208 Maranl
889 4153 1012 4208 Praetat.
1030 4151 1063 4202 l’.
1084 4157 1133 4205 111.
1153 4169 1178 4204 ο.
1199 4151 1243 4204 10.

242 4229 297 4349 {¹}
309 4231 338 4278 at
358 4231 400 4282 12.
437 4229 567 4282 Galland·
585 4231 618 4280 ’1.
638 4230 660 4279 1.
678 4221 832 4292 Prolagoni·
850 4239 876 4280 c.
891 4227 937 4282 20.
974 4229 1093 4286 banipcr
1110 4217 1142 4270 Ρ.
1162 4223 1198 4270 tl.
1217 4234 1245 4283 p.

267 4298 278 4347 1
316 4309 394 4364 seqq.
