2886 4660
179 305 220 370 08

179 471 346 536 llhctorrs
370 488 497 554 unoque
520 476 552 533 et
577 475 693 554 poetas
716 467 913 550 praecipuos
936 464 1085 532 Graecos
1107 473 1141 530 et
1165 465 1292 532 Roma-

178 575 239 620 nos
262 575 364 620 nosse
381 553 529 636 juvabit,
558 561 623 616 tum
647 553 689 618 ud
714 552 845 617 facilius
868 550 1126 636 intelligendos,
1154 561 1220 616 tum
1244 552 1290 615 ad

178 647 270 704 recte
297 639 525 704 aestimandos
551 636 619 703 SS.
643 638 779 714 Patres,
812 635 863 700 his
890 637 923 700 in
948 635 1096 718 partibus
1119 645 1290 711 versutos,

178 732 213 788 ut
240 724 278 789 S.
302 723 498 806 Gregorium
528 722 798 799 maaian-renum,
826 718 864 784 S.
887 719 1051 784 Joannem
1082 717 1289 802 Chrysosto-

178 829 283 884 mum,
306 809 344 874 S.
369 809 513 872 Leonem
535 805 600 884 bb,
624 805 821 894 Gregoriom
846 805 909 883 hb,
932 802 1156 868 staulinus
1178 805 1290 868 Nola-

178 911 251 957 num
275 894 436 978 aliosque.

264 1001 417 1087 [lenique
439 1003 537 1068 etiam
562 1000 709 1087 cognitio
732 999 892 1066 historiae
920 1000 1080 1082 profanae
1102 999 1291 1084 requiritur,

179 1087 254 1171 quin
277 1085 344 1153 SS.
369 1088 487 1152 Patres
509 1093 574 1152 tum
598 1085 640 1150 ad
665 1088 818 1170 antiquas
841 1083 998 1148 historias
1021 1083 1106 1148 harad
1131 1105 1204 1150 carro
1232 1105 1290 1148 re·

178 1178 380 1255 spreteruut,
417 1180 483 1236 tum
518 1169 688 1236 historiam
717 1171 769 1234 sui
801 1170 959 1254 temporis
987 1187 1093 1255 saepe
1118 1169 1292 1256 attingunt

179 1263 213 1320 et
241 1255 282 1319 ad
316 1261 458 1320 euentus
487 1255 576 1320 illius
608 1255 754 1320 breviter
782 1254 943 1318 alludunt.
999 1253 1102 1334 Quem
1131 1255 1163 1317 in
1190 1256 1289 1318 linem

179 1339 312 1422 legisse
336 1338 509 1424 prolicuum
532 1340 595 1404 erit
618 1357 660 1404 ex
684 1337 825 1404 Graecis
847 1337 1064 1414 Herodotum,
1085 1337 1127 1400 ad
1150 1357 1205 1404 res
1228 1357 1290 1422 ge-

178 1429 250 1487 stas
286 1423 412 1508 antiqui
443 1425 601 1509 temporis
630 1421 897 1512 cognoscendas.
956 1421 1007 1486 Ex
1041 1423 1170 1488 Latinis
1203 1441 1288 1488 vero

178 1514 344 1592 tamquam
377 1509 508 1573 Petrum
540 1510 657 1574 coaevi
689 1509 894 1594 potissimum
928 1505 1175 1572 commendandi
1207 1514 1289 1571 suat

178 1589 369 1675 Scriptores
401 1591 559 1657 historiae
584 1595 759 1678 Augustae
781 1599 815 1655 et
841 1593 1030 1657 rlrnmianus
1051 1591 1289 1664 buccellinus:

179 1675 312 1740 multum
344 1695 474 1762 quoqne
505 1679 623 1742 aderet
653 1675 813 1741 commodi
846 1674 1030 1740 Chroniron
1060 1675 1216 1754 Eusehii,
1245 1675 1287 1740 S.

179 1759 388 1842 Hieronymi,
409 1760 567 1844 Prosperi
591 1762 766 1858 Aquitani,
796 1760 943 1825 Victoris
966 1760 1200 1831 Tunuoensis,
1221 1760 1288 1826 Jo-

179 1846 277 1910 aunis
302 1844 528 1923 biclariensis
550 1845 665 1922 ldacti,
687 1857 721 1910 et
734 1843 1084 1910 blarcelliniComitis.
1098 1846 1132 1917 ‘t
1177 1845 1288 1910 Etiam

64 1946 70 1958 ·
179 1928 377 2009 chronicon,
400 1929 487 2015 quod
510 1939 634 1996 avocant
655 1929 916 1996 Alexandrinum
939 1947 999 1994 seu
1024 1928 1201 2004 Paschale,
1223 1929 1289 1994 ali-

179 2031 245 2098 qua
266 2015 353 2078 scitu
376 2013 491 2094 dignu,
513 2032 577 2099 quo
599 2015 717 2080 melius
739 2015 885 2080 sanctos
908 2014 1027 2078 Patres
1045 2014 1288 2101 intelligamus,

178 2097 292 2160 relect.
315 2099 364 2170 ”t
410 2097 485 2164 Duo
508 2117 603 2182 porro
626 2098 722 2184 qrrasi
745 2099 829 2164 oculi
852 2106 930 2162 sunt
952 2097 1130 2163 historiae:
1179 2098 1289 2165 Chro-

178 2180 314 2266 nologia
337 2186 372 2245 et
394 2179 622 2268 Geographia.
679 2181 773 2248 lllius
800 2184 948 2248 notitiam
978 2188 1092 2267 petere
1117 2185 1215 2265 juvat
1243 2201 1287 2248 etr

179 2265 314 2330 summis
337 2263 438 2345 utris,
470 2268 524 2349 qui
557 2266 633 2331 hnic
661 2266 772 2333 studio
802 2269 832 2332 in
863 2267 931 2332 euti
959 2285 1030 2331 cum
1060 2265 1223 2332 industria
1252 2277 1289 2334 et

178 2349 305 2436 insigni
318 2367 390 2414 cum
406 2351 507 2417 laude
521 2352 754 2432 incubuerunt,
773 2287 891 2438 quales
904 2349 1286 2432 suntD.Petovirrs,Us-

178 2435 303 2510 serius,
337 2443 371 2500 et
394 2436 448 2499 nr.
472 2436 638 2501 Antonius
671 2437 818 2522 Pagina,
845 2436 899 2521 qui
920 2437 1018 2501 etiam
1047 2434 1228 2502 Consulum
1251 2443 1286 2502 et

179 2519 416 2606 Imperatorum
440 2521 660 2586 Romanorum
682 2525 801 2587 seriem
825 2521 1074 2608 consignarunt.
1128 2521 1286 2610 (deogra-

180 2603 256 2687 phia
285 2623 365 2670 vero
395 2606 519 2670 urbium
551 2615 584 2671 et
616 2607 759 2672 locorum
790 2606 937 2670 notitiam
967 2606 1119 2691 praebet,
1148 2625 1285 2690 quorum

180 2707 344 2770 persaepe
367 2690 489 2752 mentio
518 2691 708 2775 inscriptis
737 2689 804 2756 SS.
833 2690 964 2755 Patrum
992 2689 1152 2763 habetare
1188 2709 1286 2754 mon-

179 2777 264 2834 strat
289 2771 418 2855 imperii
442 2771 581 2837 Romani
604 2773 867 2840 distributionem
889 2773 1067 2840 identidem
1085 2776 1284 2840 immutatam

180 2863 213 2918 ct
235 2855 475 2936 provinciarum
498 2859 662 2936 ambitum,
684 2878 747 2925 nec
765 2877 830 2924 nou
848 2859 960 2924 titulos
978 2858 1185 2947 dignitatum,
1200 2877 1285 2946 quos

179 2938 362 3024 gestabant
384 2938 422 3018 ii,
447 2939 566 3024 qrribus
585 2943 749 3010 commissi
773 2949 869 3009 erant
891 2945 1110 3031 magistratus
1140 2943 1284 3030 gerendi

285 3267 318 3314 art
338 3267 547 3332 intelligendum
566 3271 594 3319 8.
614 3273 939 3336 augustodunumque
958 3274 1068 3332 Patres,
1088 3273 1133 3334 qui
1153 3271 1187 3320 de
1207 3271 1285 3321 Gen-

282 3341 372 3460 pparp
398 3342 535 3404 religione
560 3345 748 3404 scripserunt,
774 3335 820 3392 ot'.¹
837 3345 866 3394 s.
885 3347 1033 3408 augustin.
1061 3345 1094 3392 de
1119 3341 1207 3391 ctrtt.
1232 3341 1285 3390 liet

296 3427 332 3458 l·
372 3441 379 3454 ο

229 3507 259 3565 *l
281 3511 353 3558 liaeo
371 3511 463 3558 omnia
481 3509 617 3560 caronam
640 3512 722 3561 simtu
746 3514 865 3564 collecta
883 3513 1020 3562 habeatur
1046 3515 1074 3562 tu
1100 3510 1210 3571 opere,
1238 3511 1284 3558 cut

282 3580 397 3627 titulus:
434 3578 595 3629 Tarsouras
612 3585 785 3644 termarum,
812 3594 896 3643 opera
914 3593 946 3631 ac
969 3584 1060 3631 studio
1075 3579 1107 3630 J·
1126 3579 1284 3643 scuttpcrt.

282 3649 419 3710 Lugduni·
442 3647 519 3700 tono.
546 3653 742 3702 amstelodami
764 3651 840 3704 1058.
862 3653 911 3702 fol.
948 3651 991 3700 01.
1011 3652 1132 3702 Fabricii
1152 3649 1282 3700 biblioth.

282 3718 389 3766 Graeca
408 3719 466 3777 (ed.
486 3718 610 3779 flarlee.)
632 3723 695 3772 Vol.
713 3722 775 3770 vu.
797 3736 823 3783 p.
843 3719 975 3774 ott-to.

210 3807 261 3872 **)
279 3813 432 3932 sshrcrntrtoon
452 3817 671 3870 Alexandrinum
696 3819 792 3904 (vulgo
809 3822 932 3904 siculum
950 3832 998 3870 seu
1018 3819 1097 3868 Fasti
1115 3813 1218 3874 atrata)
1237 3818 1283 3865 od.

280 3887 1286 4018 ‚oustaut‘tntstptt‘tb?'‘ctlttthbtaaheblt

279 4023 374 4072 tresue
394 4024 469 4072 Doto.
490 4026 648 4089 ducange.
686 4029 772 4080 l’arta·
794 4029 872 4082 1688.
892 4031 940 4082 tol.
978 4030 1058 4080 Plora
1078 4031 1112 4079 de
1131 4029 1180 4077 hoc
1196 4037 1285 4088 opere

278 4095 529 4226 apstpqphbrtctt
547 4097 677 4148 tttbttoth.
698 4101 805 4152 Graeca
831 4100 890 4160 (ed.
909 4098 1024 4158 ttnrlea)
1049 4099 1114 4148 Vol.
1134 4097 1197 4147 vlt.
1217 4107 1283 4158 pag.
