2886 4660
198 327 242 397 58

192 499 653 672 tntttiitl'tlltlttit:
672 505 713 648 {i
731 493 1313 679 tittltttelnttnez

197 683 416 754 quaecuuque
437 688 480 736 ex
501 669 570 736 illis
591 687 650 754 pro
673 667 742 732 vita
762 683 893 814 propria
915 663 960 730 ad
992 678 1138 730 normam
1171 663 1313 750 periec-

194 754 296 819 tionis
315 751 518 820 instituenda
538 759 574 818 et
594 771 654 839 pro
675 751 787 817 salute
808 751 943 815 aioruni
965 747 1192 832 promovenda
1214 758 1311 815 reete

198 837 327 921 possint
349 836 479 903 deduci.
522 837 563 903 Si
584 836 658 934 quis
680 835 816 920 insuper
837 834 922 900 haec
943 849 1008 898 nnn
1025 830 1215 898 meditando
1234 841 1312 898 tan-

193 931 263 986 tum
286 921 438 1014 invenire
459 921 646 1000 studueiit,
674 919 896 986 sed-inventa
924 931 1053 1016 quoque
1069 913 1227 1012 sollicite
1244 933 1307 982 se-

196 1003 340 1090 dulopue
361 1007 569 1083 exercuerit,
592 1003 708 1090 sicque
735 1001 1004 1088 contemplationi
1030 1000 1134 1066 vitain
1161 1005 1308 1068 acnuam

190 1091 363 1172 junxerit,
391 1087 656 1177 quandoquidem
678 1086 731 1153 liis
752 1087 893 1154 maxime
914 1087 948 1151 in
970 1084 1071 1151 relius
1096 1084 1308 1180 experientia

195 1179 249 1240 est
270 1175 392 1272 optima
414 1175 589 1262 magistra,
611 1172 724 1256 majori
739 1169 848 1237 adhuc
865 1171 1006 1255 potietur
1020 1173 1221 1236 sonoritate
1240 1185 1305 1234 ea-
1431 1220 1435 1239 .

195 1255 269 1322 dciii
292 1276 325 1321 in
346 1253 496 1323 materia.
539 1254 657 1323 Sancti
680 1255 802 1322 Patres
822 1260 930 1320 autem
954 1257 1068 1338 utpote
1090 1253 1209 1318 viriet
1230 1270 1308 1319 eru·
1431 1264 1435 1327 ς

196 1338 321 1406 ditione
342 1357 443 1406 sacra
453 1346 487 1406 et
502 1341 682 1406 sanctitate
705 1345 919 1426 praestantes
941 1343 976 1404 et
997 1336 1308 1421 approbatioueEc·
1432 1334 1435 1373 ²

194 1423 322 1490 etesiae
343 1424 510 1510 insigniti,
531 1432 566 1490 et
588 1425 715 1511 pleruiii
739 1441 781 1488 ue
803 1421 980 1508 Episcopi,
1002 1421 1112 1505 quiin
1135 1437 1213 1486 caira
1233 1420 1308 1485 Pa·
1431 1428 1436 1503 ζ

193 1507 311 1574 storali
327 1509 471 1596 egregie
486 1507 717 1574 administrata
754 1504 817 1573 aud
835 1525 910 1572 raro
924 1519 1132 1572 consenuere
1149 1510 1185 1572 ct
1203 1503 1307 1594 plau·
1430 1552 1434 1565 .

192 1609 264 1656 suia
288 1593 388 1659 totius
409 1593 500 1660 orbis
522 1583 704 1660 Christiani
727 1591 890 1668 retulere,
919 1588 1013 1656 liisce
1030 1588 1182 1655 omnibus
1213 1587 1305 1654 dati·

190 1674 256 1740 lina
277 1675 446 1764 gaudent,
467 1679 545 1760 jure
568 1677 682 1742 merito
702 1677 815 1760 itaque
833 1692 959 1741 sumnia
980 1672 1044 1738 liae
1064 1673 1099 1738 iii
1122 1677 1218 1757 parte
1238 1670 1305 1738 lia·

193 1759 290 1825 betur
310 1778 423 1827 eorum
446 1761 640 1826 auctoritas.
662 1799 705 1814 -
748 1760 786 1825 lu
808 1758 914 1825 altero
936 1774 1065 1847 genere
1085 1773 1192 1823 rarum
1210 1775 1307 1826 mce-

191 1843 332 1911 ti'carum
354 1851 389 1911 et
411 1843 636 1932 pastoralium,
655 1845 690 1910 in
707 1843 750 1910 iis
766 1844 908 1921 scilicet,
930 1859 1016 1928 quae
1038 1840 1208 1928 principiis
1226 1861 1307 1926 psy-

190 1925 377 2016 cliologicis
397 1929 596 2008 innituntur,
625 1945 751 2016 magna
773 1933 865 1994 certe
886 1933 941 1992 est
960 1925 1027 1994 SS.
1057 1923 1193 1992 Patroni
1221 1944 1305 1992 auc-

191 2012 333 2092 toritas,
362 2013 442 2078 licet
463 2031 529 2079 iioii
550 2018 663 2094 taum,
692 2019 818 2099 quanta
846 2011 879 2077 in
906 2009 1007 2077 relius
1035 2009 1132 2095 primi
1153 2008 1304 2098 generis.

191 2093 292 2160 llaud
324 2096 477 2181 equidem
506 2096 635 2162 inficias
667 2096 776 2168 ierim,
808 2095 841 2160 in
871 2093 1092 2195 psycliologia
1120 2093 1305 2194 theoretica

189 2177 667 2361 iiiffllgressedzoriiimqiffrigi
697 2179 1304 2360 masaganiiiseccqsffizie'epffituira'ctolg

189 2344 414 2435 psycuologra
437 2353 586 2431 practica
608 2348 665 2416 vix
682 2367 752 2416 uon
774 2367 890 2416 ornnes
918 2349 1045 2434 insigni
1076 2365 1147 2416 cum
1177 2351 1303 2424 euentu

188 2428 304 2497 divina
324 2432 438 2518 gratia
459 2431 642 2518 adjuvante
663 2431 869 2518 praeclaram
890 2439 1070 2518 posueruut
1091 2449 1234 2519 operatu.
1253 2469 1299 2484 -·

189 2511 229 2578 ln
250 2517 349 2582 tertio
371 2514 515 2602 denique
537 2535 667 2606 genere
694 2536 803 2583 rerum
834 2516 1053 2582 asceticarum
1081 2525 1118 2584 et
1168 2521 1304 2582 astara-

189 2597 285 2679 liuni,
304 2600 338 2665 in
359 2601 419 2680 iis,
447 2619 534 2688 quae
557 2602 599 2668 ab
622 2601 770 2668 externis
792 2599 1048 2667 circumstantiis
1070 2606 1105 2666 ut
1125 2597 1300 2686 purimum

189 2683 353 2766 pendent,
376 2683 475 2748 distin
506 2702 585 2749 uere
601 2685 720 2766 Juvat,
749 2691 855 2751 utrum
877 2684 1143 2750 circumstantiae
1164 2681 1304 2747 liodier-

188 2781 253 2829 nae
273 2765 413 2830 eaedem
435 2703 544 2832 adine
565 2765 650 2848 sint,
678 2767 713 2833 in
736 2768 855 2854 quibus
877 2765 945 2834 SS.
969 2767 1089 2835 Patres
1118 2766 1195 2832 olim
1217 2781 1304 2831 ver-

188 2846 369 2926 sabantur,
393 2867 436 2914 an
467 2849 624 2916 diversae
651 2850 749 2918 ruoilo
778 2850 1080 2937 deprehendantur.
1126 2847 1193 2916 Ubi
1214 2868 1302 2916 eae·

189 2929 264 2996 deni
287 2937 366 3029 suut
386 2933 656 3004 circumstantiae
678 2943 851 3018 externae,
874 2953 999 3026 magna
1021 2943 1074 3003 est
1087 2932 1301 3002 seesima

188 3021 372 3083 auctoritas
401 3023 436 3082 et
465 3035 577 3086 eoruni
606 3019 732 3110 agendi
758 3022 843 3087 ratio
871 3022 1059 3107 exemplum
1081 3017 1168 3085 niani
1189 3019 1303 3084 imita-

188 3098 279 3165 tione
302 3099 459 3198 dignum,
494 3101 549 3168 ubi
572 3104 764 3171 notabiliter
793 3103 915 3171 luerint
944 3105 1154 3184 immutatae,
1182 3103 1213 3168 si
1233 3121 1302 3168 nou

187 3189 329 3250 externa
350 3205 425 3272 ipsa
447 3187 573 3274 agendi
595 3189 679 3255 ratio
700 3187 877 3266 imitanda,
906 3187 1026 3256 saltem
1048 3187 1204 3287 spiritus,
1255 3205 1298 3251 un
1418 3266 1422 3277 Ι

186 3265 351 3336 ducuntur
378 3279 540 3360 agentes,
573 3272 788 3360 indagandus
816 3273 879 3340 erit
908 3277 942 3339 et
964 3278 1099 3339 mutatis
1120 3206 1301 3354 mutanflis,

186 3371 273 3506 auae
299 3353 474 3441 prudentia
504 3375 586 3423 vere
613 3355 807 3424 Christiana
831 3357 1071 3446 suggesserit,
1102 3354 1299 3423 sectandas.

218 3440 334 3508 tteutis
355 3441 468 3525 itaque
490 3448 525 3506 et
547 3441 608 3506 rite
630 3440 823 3527 ponderatis
846 3441 1105 3508 circumstantiis
1135 3438 1299 3522 ejnsmodi
1421 3464 1426 3473 ·

185 3523 379 3608 plerumque
400 3531 608 3591 evanescent
630 3524 931 3602 contradictiones,
952 3543 1039 3610 quas
1060 3523 1115 3592 vel
1138 3524 1170 3589 iii
1192 3523 1300 3608 scrip-
1420 3580 1424 3593 .

184 3605 230 3671 tis
252 3605 398 3672 diversis
420 3609 516 3674 unius
538 3608 661 3688 Patris,
683 3610 738 3676 vel
761 3609 951 3694 inscriptis
975 3609 1139 3676 variorum
1162 3607 1297 3674 Petrum

185 3686 228 3752 dc
251 3707 316 3755 una
338 3689 522 3778 eademque
542 3710 580 3758 rc
601 3693 822 3760 tractantibus
843 3691 1023 3779 aliquando
1042 3687 1299 3778 deprehendere

184 3770 274 3838 licet.
297 3775 330 3854 ¹³)
380 3771 521 3861 Oportet
548 3795 631 3864 ergo
660 3775 723 3844 liac
750 3777 783 3844 in
807 3783 903 3862 parte
924 3783 1083 3844 accurate
1104 3773 1300 3863 expendere
1418 3828 1423 3841 .

185 3961 395 3990 uhu—unu·-

232 4077 265 4148 *)
283 4077 583 4209 ῗῑιωιιονξᾱΙιι,ιιιιιι)ιῃιηιιιιι,ιιι
599 4091 678 4141 recte
694 4091 864 4152 applicatur,
889 4091 977 4143 neila
1002 4091 1150 4142 mirsam
1173 4099 1293 4208 annae

289 4237 403 4290 ,iimo
422 4161 1226 4296 „n:n..'tltl:.::3't:„ttt⁸tttl⁰:lltl:tt:t‚
1240 4168 1299 4276 iil

287 4301 399 4366 contin,
420 4303 449 4352 ut
475 4293 507 4351 S.
525 4299 675 4364 Gregortus
694 4301 793 4364 Nysa,
813 4311 860 4350 aas
878 4303 1033 4365 inprobant
1050 4303 1181 4365 taurim
1198 4300 1301 4348 aoxtn
