2880 4660
361 486 499 552 vissirne
533 485 735 570 exprimitur.
789 483 862 571 Ope
896 485 973 552 talis
1004 488 1166 572 epitomes
1197 485 1311 562 facile,

361 572 622 666 quotiescunque
646 569 725 636 utile
747 570 805 634 vel
821 571 1051 667 necessarium
1074 569 1184 648 tuerit,
1207 571 1310 666 totius

360 654 437 802 llpipri
459 673 619 720 summam
640 654 674 719 in
696 671 883 720 memoriam
904 659 1021 720 uterum
1044 672 1206 721 revocare
1231 653 1310 720 luee-

381 759 417 802 ι.

292 853 336 940 b)
360 848 462 997 Hono
481 855 518 914 ut
538 848 632 946 quasi
654 849 883 996 promtuarium:
909 848 1072 996 quig‘lam
1088 866 1220 996 seraper
1235 847 1308 998 nsit·

360 939 753 1082 ,ttettltlutttltt
775 949 1310 1096 uttrtttnttlttttt:

360 1101 422 1165 bus
444 1100 618 1166 adornare.
643 1097 913 1185 Quotiescunque
928 1098 1116 1184 enimOpus
1139 1098 1307 1184 quoddam

359 1183 478 1250 Sancti
500 1184 611 1250 Patris
633 1183 777 1268 legimns
799 1190 938 1263 attente,
961 1184 1074 1268 procul
1098 1181 1197 1248 dnbio
1225 1186 1306 1248 mul·

359 1274 395 1332 ta
416 1267 640 1346 inveniemus,
671 1284 757 1351 quae
777 1268 820 1332 ad
845 1268 1005 1354 dogmata
1038 1266 1250 1333 illustrando¹
1270 1275 1306 1333 et

360 1350 531 1430 firmanda,
553 1369 727 1436 moresque
742 1351 931 1418 formandos
944 1352 1088 1439 egregie
1101 1350 1211 1417 iacere
1224 1371 1304 1435 pos-

357 1434 447 1521 sint,
470 1434 554 1500 haec
575 1436 688 1520 itaque
710 1437 818 1501 omnia
839 1443 1001 1502 aunotme
1023 1442 1164 1519 oportet,
1177 1440 1211 1499 et
1225 1454 1304 1500 mox

359 1524 393 1582 ut
416 1520 516 1584 lectio
540 1520 634 1584 unius
657 1519 724 1585 diei
747 1527 805 1585 ant
827 1520 924 1586 unius
946 1521 1031 1585 vicis
1059 1520 1211 1584 absoluta
1237 1529 1304 1596 est,

358 1605 390 1667 iu
414 1603 530 1668 librum
552 1602 726 1688 quemdam
759 1602 905 1684 referre,
935 1604 1011 1669 huie
1043 1603 1098 1668 tini
1129 1601 1305 1688 speciatim

359 1685 579 1768 destinatum,
602 1687 686 1753 liber
707 1687 773 1754 iste
795 1689 840 1752 ita
863 1689 1073 1774 comparatos
1095 1687 1151 1766 sit,
1175 1693 1208 1751 ut
1230 1687 1304 1752 sin-

359 1769 450 1856 gulis
474 1768 654 1856 Alplrabeti
687 1771 795 1836 litoris
816 1772 941 1858 aliquot
969 1772 1050 1838 iulia
1076 1771 1304 1856 assignentur,

352 1854 504 1940 singulis
527 1856 559 1919 in
584 1856 730 1920 textibus
750 1855 873 1922 ilridem
895 1853 1117 1923 inscribendis
1145 1855 1303 1940 exquira-

358 1945 411 2003 tur
432 1957 470 2004 eo
500 1939 600 2004 italus
623 1940 826 2024 principalis,
837 1958 898 2005 seu
912 1948 1065 2025 puuctum
1078 1941 1302 2025 praecipuum,

357 2022 444 2106 quod
467 1957 628 2118 deinceps
651 2042 726 2102 uuo,
748 2024 778 2089 si
801 2023 872 2090 lieri
894 2029 1019 2109 potest,
1042 2024 1205 2098 vocabulo
1220 2042 1304 2090 cou-

359 2113 489 2191 ceptum
511 2112 617 2174 textor
650 2107 716 2192 ipsi
743 2108 801 2173 vel
829 2108 1035 2174 solummodo
1064 2107 1215 2196 allegato
1247 2107 1302 2174 vel

357 2189 498 2274 propriis
511 2190 625 2255 verbis
638 2190 857 2275 transscripto
870 2193 1084 2279 praefigitur,
1098 2192 1301 2278 oneratione

355 2271 430 2351 liet,
453 2279 488 2338 ut
518 2273 675 2360 singulae
710 2275 856 2363 paginae
890 2276 991 2343 facile
1023 2294 1087 2340 uno
1120 2286 1302 2362 conspectu

356 2357 691 2441 comprehendantur,
714 2376 864 2446 quaeque
887 2360 1046 2428 materiae
1067 2359 1189 2427 ibidem
1223 2360 1301 2425 illu-

354 2445 521 2522 strentur,
543 2449 715 2527 appareat.

286 2547 328 2640 e]
352 2551 504 2703 Deuipue
527 2561 642 2640 posset
656 2555 756 2621 etiam
777 2553 883 2622 lector
904 2543 965 2622 88.
988 2557 1124 2622 Petrum
1152 2561 1302 2640 systema

354 2638 440 2721 quod
467 2657 520 2703 am
541 2639 748 2726 Theologiae
769 2639 980 2726 dogmaticae
1002 2647 1037 2706 et
1050 2637 1196 2720 moralis,
1211 2639 1302 2726 quod

352 2721 416 2785 silri
437 2720 611 2786 admodum
634 2723 797 2789 familiare
812 2731 877 2805 est,
893 2725 1044 2813 seligere
1061 2731 1118 2790 out
1135 2726 1301 2810 proprium

353 2803 416 2867 sior·
439 2805 579 2891 fungere,
601 2805 698 2889 hujus
721 2808 930 2890 partitionem
953 2809 1144 2897 generalem
1165 2815 1200 2873 et
1221 2827 1301 2890 spe-

347 2885 472 2962 ‚cinlem
495 2888 585 2953 foliis
608 2889 779 2972 mandare,
801 2901 835 2959 et
858 2913 942 2979 qnae
969 2893 1011 2959 ad
1040 2892 1192 2980 singulas
1219 2891 1301 2957 dein

353 2976 466 3052 partes
489 2972 675 3055 pertinent,
708 2993 752 3040 ex
786 2976 846 3041 88.
881 2979 1035 3044 Patribus
1066 2977 1225 3062 perlectis
1255 2977 1300 3042 nd

352 3051 506 3141 singulas
531 3065 644 3140 partes
666 3057 838 3126 adnotare.
883 3059 1088 3148 [liletlrodus
1110 3080 1192 3127 uero
1215 3060 1299 3126 haec

353 3143 466 3222 utpote
490 3140 656 3207 difficilior
678 3143 797 3209 saltem
820 3145 980 3212 tironibus
1002 3148 1035 3212 iu
1065 3147 1199 3212 Petrum
1229 3145 1299 3211 lec·

352 3223 441 3288 tione
463 3227 681 3292 commendari
705 3246 768 3292 nou
792 3230 939 3315 potest.)

285 3332 331 3421 d)
354 3337 389 3397 8.
413 3335 608 3434 scripturae
631 3345 741 3436 antem
770 3341 927 3429 singulos
957 3341 1059 3407 lilrros
1088 3361 1129 3408 oc
1161 3343 1299 3429 singula

351 3421 731 3574 ⁰³t¹¹ttt⁶t¹tttlt
753 3427 1177 3576 tcffl'tlttlttt‘utt
1196 3445 1299 3578 {tlte

351 3523 459 3671 lcriipnrils'¹
483 3591 603 3674 capitis
632 3593 687 3657 vel
721 3543 927 3680 singulorum
956 3530 1105 3679 ejusiiern
1142 3615 1296 3661 uersuum

350 3691 485 3816 slensum
501 3674 735 3824 tillustrandum
759 3681 972 3760 occurrerint,
995 3679 1297 3748 ibidemoduotnn-

354 3776 396 3819 ra
418 3775 524 3822 erun.
687 3773 688 3776 ’

610 4011 864 4028 Ἣ.-
