2948 4662
1206 325 1269 394 289

156 509 211 576 ep.
232 482 325 574 tn),
347 503 413 554 nou
435 507 497 554 suo
520 493 656 566 tontum,
678 487 739 554 sed
762 488 898 556 ultorum
921 507 1061 577 quoqne,
1083 493 1146 560 imo
1168 495 1268 562 etism

157 573 391 640 detunctorum
420 574 551 639 nomine
606 573 709 640 cssim
737 573 920 640 istiusmodi
949 575 1080 642 libellos
1105 578 1268 646 dederunt
1367 643 1371 654 ,

156 657 255 748 [uid.
274 675 329 722 ex.
361 673 413 742 gr.
443 675 497 742 ep.
529 593 625 743 215,
655 658 789 722 istorum
821 677 919 743 porro
947 657 1130 728 libellorum
1160 662 1267 730 formo

155 741 345 807 eumoritoti
379 741 533 827 Episcopi
563 742 752 829 dorcgcbut
781 739 884 828 [uid.
911 759 964 806 ex.
998 763 1052 828 gr.
1082 763 1134 830 ep.
1161 743 1266 835 id.];

154 843 219 892 nec
241 825 309 890 ullo
332 823 444 890 bobilo
467 827 703 908 poenitentium
723 823 859 890 delectu
888 825 1035 909 plurimis
1067 829 1165 895 simul
1194 831 1268 896 deti

154 919 235 976 sont
256 909 365 974 libelli
386 909 437 988 *);
471 909 617 996 denique
638 909 738 974 etium
759 909 835 987 olii,
866 928 1079 994 personarum
1110 924 1267 1000 respectu

154 993 280 1070 lubitu,
303 993 338 1058 in
361 993 532 1058 beneticiis
553 1001 730 1076 martyrum
754 1001 811 1058 aut
832 994 1122 1080 grstidcubnntur,
1145 1003 1203 1063 curt
1223 1000 1266 1064 il-

157 1080 274 1143 licitae
292 1078 531 1164 negotiationis
560 1079 727 1144 norutinns
755 1079 1008 1162 aucupabantur
1032 1077 1117 1178 (cp.
1150 1082 1199 1147 lb.
1231 1103 1265 1169 p.

155 1156 333 1247 etc-3⁷).
380 1161 570 1246 Presbyteri
593 1181 676 1229 vero
695 1163 839 1247 «pridem,
861 1162 962 1228 oflicii
983 1165 1265 1243 suinnnrerucres,

155 1265 275 1312 novum
299 1250 334 1310 ct
355 1245 498 1310 untebnc
522 1245 622 1332 plnnc
645 1246 823 1311 inauditum
849 1246 978 1312 lucinus
992 1250 1065 1314 nusi
1083 1257 1170 1325 sunt,
1189 1249 1268 1316 dum

155 1329 344 1414 inconsulto
366 1329 533 1417 Episcopo
556 1333 683 1416 lapsos,
711 1332 765 1414 qui
790 1331 922 1395 libellos
945 1351 965 1394 n
987 1333 1188 1416 mndyribns
1209 1335 1267 1400 nel

154 1413 406 1480 confessoribus
428 1417 597 1491 nderreut,
619 1424 743 1481 temere
764 1416 797 1478 in
821 1415 1077 1481 communionem
1096 1417 1266 1483 ecclesis-

153 1499 274 1566 nicam
296 1498 509 1564 admitterent
533 1499 638 1584 iisque
663 1497 901 1564 Encboristinm
924 1501 1134 1582 praeberent.
1159 1501 1264 1587 Enpsi

154 1581 318 1668 deniqne,
347 1580 423 1648 freti
444 1581 566 1648 libellis
588 1583 755 1666 acceptis,
792 1583 976 1664 importune
1006 1585 1265 1652 communionem

153 1666 419 1734 ecclesiasticen
442 1667 678 1747 efflagitabant
699 1667 792 1750 quusi
812 1685 882 1732 rem
904 1665 969 1730 sibi
1002 1665 1145 1732 debiturn
1183 1667 1265 1756 (cp.

152 1743 243 1835 bb),
267 1749 388 1816 acerbe
409 1749 453 1815 de
475 1749 643 1835 Episcopo
665 1748 849 1832 conquesti,
874 1750 928 1834 qui
947 1750 1010 1814 sibi
1026 1767 1267 1835 pecemqnturr

152 1836 188 1900 in
211 1834 313 1901 coelis
330 1836 400 1917 jorn
420 1833 607 1900 ecnubere
629 1833 880 1922 gloriabuntur,
911 1833 1120 1898 intuteranto
1141 1835 1265 1900 duritie

153 1925 190 1986 et
220 1917 400 2003 pertinacis
431 1917 539 1983 adbuc
567 1919 755 2002 denegaret
791 1917 857 1991 ”b
902 1916 965 1982 llis
992 1917 1023 1980 iu
1059 1916 1266 1986 dttncttltnts

154 2022 262 2068 rernm
284 2002 543 2070 circumstantiis
571 2003 627 2068 itu.
651 2001 789 2068 medinm
817 2001 901 2066 viem
927 2003 1032 2066 tenuit
1054 1999 1093 2066 S.
1117 2003 1266 2087 Cypriu-

153 2108 228 2160 nus,
251 2097 285 2152 ut
307 2107 367 2152 nec
388 2087 557 2170 antiquum
579 2094 613 2152 et
636 2085 834 2151 laudabilem
856 2083 1141 2164 consuetudinem,
1159 2087 1263 2154 dudi

152 2171 300 2252 libellos,
331 2172 547 2258 infringeret,
585 2190 648 2236 uec
669 2173 745 2254 jurn
773 2187 835 2234 sun
865 2169 983 2234 violnri
1015 2169 1047 2234 iu
1082 2171 1262 2257 perniciem

152 2256 333 2322 animorum
356 2259 574 2342 permitteret,
594 2255 680 2320 ndeo
701 2261 736 2319 ut
758 2253 864 2338 lapsis
885 2271 949 2319 nec
969 2253 1138 2320 severitus
1159 2254 1262 2322 disci-

152 2340 265 2428 plinae
287 2337 334 2404 od
353 2341 521 2405 tristitiom
544 2337 735 2414 solutorem,
757 2356 820 2404 uec
844 2337 918 2403 boni
941 2338 1085 2424 pastoris
1105 2338 1263 2424 benigni-

151 2431 206 2489 tus
228 2423 270 2488 ud
295 2424 449 2489 solntiurn
473 2443 553 2490 vere
576 2421 811 2508 poenitentium
835 2421 983 2494 deesset.
1028 2421 1116 2486 lliuc
1143 2422 1260 2488 literne

150 2513 219 2574 turn
243 2507 335 2574 dedit
357 2506 399 2572 nd
425 2506 664 2586 confessores,
687 2526 770 2590 quos
793 2506 878 2570 omni
901 2507 1041 2590 vigore,
1063 2505 1204 2571 curitnte
1226 2512 1261 2573 et

152 2590 406 2658 mansuetudine
428 2591 624 2656 adhortutus
646 2595 716 2670 est,
749 2595 784 2654 ut
806 2587 892 2654 dntts
915 2587 1039 2654 libellis
1061 2606 1123 2655 uec
1138 2591 1289 2736 peteme

150 2679 277 2744 tentiae
300 2677 464 2741 servorem
488 2683 588 2761 utque
619 2675 763 2762 rigorem
797 2678 1014 2747 enervarent,
1048 2691 1111 2739 nec
1152 2674 1263 2740 imites

149 2781 230 2826 snos
253 2759 457 2827 excederent
474 2768 574 2846 etque
595 2759 627 2824 in
639 2756 961 2844 juroEpisccporum
977 2757 1260 2840 involarentffl).

150 2884 193 2903 ·-
216 2843 438 2930 Presbyteros
460 2862 591 2940 quoque
612 2862 692 2908 suos
714 2843 866 2930 graviter
888 2842 1064 2918 admonuit,
1088 2849 1121 2908 ot
1138 2861 1262 2910 merno-

149 2947 206 2994 res
229 2927 332 2995 officii
352 2929 518 3014 l'npsorum
542 2934 696 3013 impetum
719 2929 946 3013 reprimerent,
967 2935 1116 2994 sunctum
1131 2927 1265 2994 Domini

149 3031 270 3098 corpus
302 3011 452 3100 indignis
490 3013 650 3096 praebere
680 3031 744 3076 uon
776 3013 915 3096 amplius
948 3011 1129 3091 auderent,
1158 3020 1260 3099 utque

148 3095 319 3181 Episcopo
339 3117 400 3162 suo
428 3095 585 3162 honorem
616 3093 761 3162 debitum
789 3095 959 3163 deferrent
981 3101 1033 3174 ils
1069 3096 1110 3162 iis
1137 3105 1259 3178 nutem,

174 3181 207 3262 ui
225 3180 366 3244 soluturi
387 3179 462 3246 hnic
485 3189 519 3246 et
542 3181 733 3246 necessario
756 3179 915 3266 Episcopi
939 3181 1093 3245 mnndnto
1123 3179 1258 3246 obedire

149 3201 389 3340 Eetrectcrent,
409 3265 780 3330 encummonicetionem
802 3264 942 3328 minatur
964 3265 1043 3352 [ep.
1066 3257 1153 3351 28.)
1183 3264 1259 3330 Etsi

149 3364 250 3498 porro
271 3345 457 3433 generatim
479 3350 644 3426 statuerit,
667 3348 834 3432 lapsorum
857 3365 989 3412 cnuscm
1011 3365 1052 3411 en
1075 3363 1182 3431 usque
1196 3345 1260 3412 dil·

164 3429 325 3497 crendnru
345 3449 435 3510 esse,
456 3431 563 3498 donec
584 3435 695 3518 quiete
703 3432 881 3498 Ecclesiae
903 3433 1068 3510 restituto,
1090 3445 1260 3496 commuue

149 3514 195 3582 de
215 3517 256 3581 iis
276 3517 449 3583 consibunr
472 3535 594 3604 cupere
616 3518 747 3594 liceret,
775 3523 937 3604 aegrotos
963 3522 1072 3581 temen
1103 3514 1259 3598 graviter

149 3599 387 3668 decumbentes
409 3603 520 3668 mitius
542 3599 714 3668 habendos
735 3617 815 3666 esse
837 3601 977 3676 censuit,
1000 3598 1090 3665 unde
1112 3599 1256 3685 presby-

148 3685 230 3752 teris
251 3686 444 3754 incultntem
466 3685 654 3764 concessit,
675 3684 781 3764 tutes,
808 3685 837 3750 si
862 3685 993 3752 libellos
1016 3703 1036 3750 o
1056 3684 1256 3771 martyribus

149 3883 358 3901 ⁸——

200 3991 231 4056 t»)
251 3997 302 4050 Ex.
321 4009 364 4064 gr.
384 3995 600 4064 „eommunicet
617 3999 667 4050 llle
685 4009 745 4050 curu
764 3991 843 4049 cuts“
861 4009 906 4059 cp.
924 3994 964 4047 lb.
984 3995 1023 4060 (p.
1031 3995 1091 4056 37.)

183 4086 1015 4162 *Ufflmmmwoewmmmmfflmmwstz

165 4183 232 4248 m)
248 4194 313 4246 llus
326 4196 451 4255 pertinet
468 4205 513 4257 ep·
535 4195 578 4246 10.
597 4193 649 4255 (ct.
669 4207 714 4256 ep·
734 4191 790 4254 25.)

198 4284 657 4354 flfflmmmwbmss·
1008 4353 1047 4412 w
