2866 4668
940 299 1238 421 faor

5 571 6 580 .
126 527 165 590 ‘et
185 522 453 590 conversationis
474 521 680 597 eiectionem,
694 539 781 606 quae
795 521 828 586 iu
852 519 940 585 omni
962 527 1039 587 actu
1062 490 1237 588 attendere

5 643 6 660 ι
128 627 190 674 nos
207 609 316 690 jubet,
334 607 412 692 quid
436 608 598 692 personis,
620 605 698 690 rpuid
720 605 923 688 temporibus
945 613 1045 691 atque
1059 606 1238 684 aetatibus,

5 725 6 740 κ
128 692 207 778 quid
236 692 336 758 etium
365 689 571 777 singulorum
601 691 748 778 ingeniis
783 690 828 755 ait
856 689 1119 767 accommodum,
1151 709 1238 774 quae

5 831 6 848 2
128 777 225 843 nubis
248 775 379 842 bonesti
409 793 520 843 curum
547 774 725 858 decorique
753 773 1052 840 considerationem
1075 775 1237 860 injungite

129 880 237 947 eaqrre
259 860 456 934 occasione,
478 855 555 944 quaid
579 849 709 944 proprie
731 859 861 924 intersit
883 860 971 926 inter
991 855 1162 928 honestum
1183 866 1238 924 ot-

130 964 195 1032 que
218 943 384 1021 decorum,
406 944 552 1010 ostendit
573 942 671 1008 simul
695 942 830 1014 docens,
853 941 942 1026 quiid,
965 950 1001 1008 ut
1022 944 1178 1022 decorum
1194 941 1238 1008 il·

131 1029 187 1094 iud
208 1028 242 1094 iu
266 1029 334 1094 uita
357 1035 469 1094 nostra
491 1027 634 1101 eluceat,
656 1046 718 1092 nus
741 1033 975 1110 praestereat
1014 1023 1153 1094 uomodo
1176 1045 1240 1110 αρε

5 1185 6 1190 ,
130 1113 265 1199 petitus,
287 1113 428 1178 maxime
449 1131 532 1177 vem
553 1112 647 1183 iram,
669 1111 847 1175 avaritiam
870 1118 904 1176 et
927 1047 1093 1178 tibiiinem
1109 1111 1239 1178 retrae-

128 1217 211 1264 nare
222 1204 374 1280 oporteat
391 1197 607 1273 (c.d3—50.).
628 1195 692 1262 His
707 1213 813 1274 pauca
829 1195 990 1280 quaedam
1002 1196 1045 1262 de
1057 1195 1239 1262 officiorum

5 1273 7 1308 ¹
128 1280 367 1365 ordinemque
389 1278 431 1346 de
454 1277 757 1366 cognitationem
779 1277 959 1345 otdciornm
982 1279 1155 1346 coilisione
1176 1279 1239 1346 ob·

127 1383 269 1434 servare
291 1364 467 1440 convenit,
501 1364 711 1448 subjungens
733 1367 767 1428 et
789 1361 930 1428 Clericis
953 1363 1066 1432 oisrcio
1094 1363 1239 1430 muueris

128 1447 412 1602 ¹slaimpiare-viffigsistiu
432 1446 603 1514 inculcans
624 1449 707 1514 libro
730 1447 831 1533 primu
853 1447 949 1512 onem
972 1448 1109 1534 imponit
1123 1457 1169 1522 (c.
1185 1449 1237 1514 50.
1278 1549 1284 1558 ἱ

213 1616 316 1681 Libro
339 1615 383 1680 ΙΙ.
413 1613 588 1680 transitum
617 1634 638 1681 a
669 1614 790 1682 decoro
818 1613 862 1680 ad
885 1613 966 1680 utile
989 1614 1128 1699 praebet
1148 1620 1240 1682 trac·
1348 1635 1352 1642 “
1407 1583 1428 1662 ·⁴

129 1701 210 1768 tatio
245 1699 289 1766 dc
315 1702 384 1766 vita
415 1701 531 1784 beato3
564 1719 607 1766 ex
642 1699 781 1764 bonesto
809 1699 895 1763 enim
925 1702 995 1764 rita
1018 1699 1117 1764 beate
1139 1698 1240 1764 trahit
1310 1743 1320 1752 -
1427 1757 1428 1764 ,

129 1785 312 1873 ονίςίηοως
328 1787 399 1850 vita
420 1793 529 1850 uatem
555 1786 664 1858 beata,
686 1801 772 1869 uuae
794 1783 868 1932 ipsa
890 1783 990 1848 ctiam
1012 1788 1066 1850 est
1089 1784 1157 1846 vita
1178 1799 1240 1848 ac·
1355 1796 1357 1804 ’
1427 1791 1428 1882 3

129 1878 243 1945 terna,
274 1889 318 1936 ex
349 1889 413 1955 qrra
435 1869 613 1934 solariata
642 1868 783 1934 dimetiri
819 1869 902 1943 icet,
934 1885 998 1932 non
1030 1863 1185 1934 consistit
1205 1865 1239 1931 io

130 1953 209 2020 ultis
231 1954 330 2019 rebus
353 1953 512 2028 externis,
534 1953 594 2020 sed
619 1951 814 2019 inscientia
836 1959 872 2016 et
892 1953 1100 2030 innocentia,
1122 1967 1183 2016 seu
1205 1948 1239 2015 in

131 2038 322 2124 cognitione
353 2037 535 2104 divinitatis
565 2043 600 2104 et
629 2038 737 2103 fructu
770 2038 876 2102 bonore
907 2033 1239 2184 operationiswgt

129 2125 233 2198 -5.).
257 2123 335 2190 Jam
358 2123 626 2189 consideraturus
650 2121 730 2188 iilud
754 2121 859 2186 sotum
885 2123 976 2196 utic,
999 2119 1084 2206 quod
1109 2118 1153 2184 od
1168 2136 1240 2203 pre·

129 2214 232 2276 tatem
255 2205 417 2287 conducit,
439 2215 596 2273 accuratu
619 2206 753 2291 primum
776 2205 998 2281 demonstrat,
1019 2204 1179 2268 torcennaco
1200 2225 1241 2265 oe
1300 2238 1303 2244 ,

5 2339 6 2344 κ
128 2296 212 2358 rodite
231 2296 369 2374 proprie
390 2311 485 2352 errarem
507 2293 649 2374 idemque
671 2308 751 2356 esse
775 2294 820 2368 (c.
844 2294 914 2367 am
937 2295 1004 2353 tum
1031 2306 1129 2367 vero,
1161 2284 1240 2373 quid
1427 2297 1428 2304 ’

129 2378 228 2442 nobis
250 2374 392 2456 aliisque
412 2374 458 2438 eit
479 2373 576 2450 utile,
611 2373 719 2440 fusius
741 2375 895 2458 exponit,
929 2372 1128 2449 declarans,
1160 2370 1241 2436 utiie
1275 2397 1281 2414 =

129 2479 209 2526 esse
232 2459 415 2542 unicuique,
436 2457 467 2524 si
489 2457 530 2520 ab
552 2458 630 2520 utiir
657 2459 839 2541 diligatur,
868 2459 898 2520 ri
925 2447 1080 2530 firirrcr’oar
1106 2457 1142 2518 ia
1169 2455 1240 2535 ipro

131 2545 286 2606 antioceni
294 2585 302 2613 ,
336 2540 479 2624 denique
500 2539 532 2604 si
553 2541 632 2602 bomo
657 2542 897 2603 existimatione
917 2539 1070 2636 garrient.
1116 2535 1164 2602 dd
1188 2536 1242 2600 di·

129 2625 304 2693 iectionem
323 2632 432 2688 antem
454 2623 619 2710 iidemque
634 2623 798 2690 bominum
810 2620 1052 2689 coucibaudnm
1071 2621 1254 2706 plurimum
1287 2655 1289 2664 ·

130 2709 248 2774 vetere
273 2705 546 2772 ostenditarimi
579 2708 819 2794 benignitatem
849 2716 882 2774 et
911 2705 1140 2772 affabititatem
1165 2723 1242 2770 ser-

131 2793 238 2860 monis
261 2799 303 2862 (c.
324 2791 356 2855 i.
384 2793 528 2878 et'lt.)3
559 2793 699 2858 maxime
732 2809 814 2856 uero
843 2787 982 2870 consitio
1011 2803 1046 2857 et
1076 2787 1242 2855 beneficio
1364 2797 1367 2806 “

5 2951 6 2960 ¹
130 2880 164 2944 in
188 2876 336 2942 homines
359 2875 497 2952 coliata,
535 2875 577 2941 de
599 2895 733 2975 qnorum
757 2883 850 2942 recta
876 2878 1024 2954 ratione,
1060 2873 1103 2939 nd
1141 2890 1240 2960 quum

123 2962 257 3049 Jnstitin
277 2977 387 3046 oeque
409 2975 450 3025 ac
469 2961 642 3044 prudentia
664 2961 893 3040 desideratur,
922 2964 1077 3027 accurate
1100 2957 1241 3042 fuseque

5 3039 6 3050 ’
91 3048 280 3132 'disputat
301 3050 343 3123 (c.
364 3043 508 3117 8-18a.
551 3045 624 3112 Nec
647 3048 768 3125 miurus,
791 3063 888 3132 oporam
911 3043 1043 3111 dilectio
1066 3049 1101 3108 et
1122 3041 1242 3108 fidncia
1337 3101 1342 3114 ,

129 3129 295 3197 hominum
319 3129 409 3192 utitis
430 3147 560 3214 quoqne
581 3137 634 3194 est
656 3131 736 3193 boreo
759 3129 980 3203 existimatio,
1012 3145 1111 3214 quiam
1141 3123 1239 3189 tertio

67 3213 73 3230 ¹
130 3215 205 3279 loco
228 3212 328 3293 ponit.
377 3209 442 3274 Hic
465 3231 559 3294 porro
582 3212 753 3288 declarat,
783 3229 944 3295 quaenam
967 3209 1011 3274 ad
1041 3210 1126 3273 hana
1149 3225 1242 3271 com-

131 3293 315 3382 parandam
337 3294 404 3356 sint
431 3294 540 3356 media
562 3295 671 3374 justa,
700 3301 735 3358 ut
765 3294 896 3378 optimis
927 3293 1111 3438 quibuspdnc
1138 3289 1242 3354 sociis

128 3380 227 3467 jungi
250 3383 295 3457 (c.
317 3379 398 3453 td),
421 3393 508 3460 quac
529 3395 610 3442 veru
632 3375 866 3460 improbando,
894 3383 931 3440 ut
952 3392 1030 3440 curu
1078 3373 1242 3444 ivitiurnrn

109 3463 167 3531 ¹ct
188 3460 348 3538 auaritia,
375 3459 429 3523 vel
454 3457 596 3556 prodigo
625 3460 781 3524 bonorum
801 3459 940 3537 cbristo,
974 3459 1029 3524 vei
1061 3457 1161 3522 nimiu
1183 3477 1240 3522 re·

107 3547 245 3628 ,missio
275 3551 310 3611 et
335 3542 483 3609 odotouo
512 3547 557 3623 (c.
585 3549 638 3610 21.
671 3547 724 3607 22.
752 3544 804 3607 23.
829 3550 862 3608 et
892 3547 987 3626 26d3
1011 3541 1140 3608 demum
1164 3540 1240 3608 inse

5 3660 12 3686 r
131 3629 287 3712 ostendit,
309 3627 399 3714 quid,
422 3635 457 3701 ut
473 3629 565 3711 justo
588 3626 683 3693 modo
706 3627 824 3692 bonum
847 3634 995 3692 nostram
1018 3623 1240 3694 existimatio-

131 3733 206 3781 nem
230 3729 490 3798 promoueamus,
513 3710 759 3776 observandum
782 3718 817 3776 et
838 3709 1025 3776 cavendum
1055 3709 1101 3774 sit
1121 3708 1154 3772 in
1176 3725 1240 3792 pa-

132 3799 269 3865 trocinio
288 3813 541 3882 oppressurum,
576 3793 861 3881 inhospitalitate
884 3799 918 3860 et
948 3793 1130 3882 largitate,
1184 3788 1239 3855 nid

132 3883 166 3948 in
187 3880 384 3946 dominando
407 3885 442 3945 et
463 3877 700 3966 praeripiendo
722 3889 766 3952 (c.
785 3877 959 3962 21-23.);
985 3885 1053 3942 tum
1082 3874 1125 3941 nd
1154 3809 1241 3941 gle-

132 3964 220 4029 ricus
232 3981 424 4028 conversus
447 3963 564 4028 eadem
588 3964 715 4028 ratione
736 3968 862 4040 monet,
885 3960 1045 4046 quomodo
1067 3960 1110 4025 ad
1133 3957 1241 4024 bonu·

132 4065 200 4124 res,
222 4052 257 4111 et
278 4047 419 4112 maxime
441 4046 692 4114 ecciesiasticos
714 4045 901 4123 nitendum,
923 4045 1143 4128 adeptamque
1165 4061 1240 4106 mu·

18 4190 21 4205 ,
133 4148 196 4195 nus
216 4128 512 4198 administrandum
532 4129 588 4207 sit,
610 4128 905 4280 quidfruesertim
921 4128 952 4193 in
969 4127 1065 4194 bunis
1080 4124 1240 4222 operibus

132 4213 348 4292 exercendis,
381 4214 414 4280 iu
432 4215 567 4298 judiciis
588 4214 697 4282 baben
723 4213 772 4293 is,
807 4213 840 4278 iu
871 4213 966 4278 bouis
995 4208 1250 4277 ecciesiasticis·
1325 4221 1328 4228 ⁴

5 4367 6 4382 ἢ
129 4297 380 4382 distribuendis,
396 4299 430 4366 iu
449 4298 574 4368 divitiis
596 4295 858 4382 contemnendis,
867 4297 905 4378 iu
928 4291 1162 4384 amplectenda
1176 4293 1236 4378 iu·
1323 4347 1328 4358 „
