2946 4654
1205 261 1267 358 aar

157 464 389 551 exponebant,
426 460 503 547 rpria
527 460 655 526 isthaec
678 459 916 543 interpretandi
941 461 1025 526 ratio
1062 460 1265 545 frequentem

160 549 268 614 daoat
289 565 423 624 ansam,
458 544 648 625 disputandi
677 544 726 609 de·
748 543 824 609 hdei
850 543 1002 610 doctriua
1031 554 1066 612 et
1096 547 1268 629 praeclara

159 653 285 698 morum
329 636 511 718 praecepta
550 628 716 695 eliciendi.
769 627 917 694 Eandem
953 630 995 696 olr
1029 649 1165 697 causam
1199 637 1267 698 tam

159 715 305 790 Graeci,
336 733 432 801 quam
456 715 567 780 ertiai
591 714 708 778 l'atres
732 714 909 798 praecipue
933 715 1075 782 Psalmis
1103 715 1268 801 interpre-

159 802 273 866 tandis
296 818 430 884 operum
453 804 629 864 navarent.
674 796 826 862 Ceterum
850 815 922 863 cum
944 801 1049 864 omnis
1070 819 1181 866 eorum
1211 819 1268 864 ur-

159 885 469 971 frumentationum
493 881 647 947 haeresin
695 882 946 961 rosternebaat,
969 901 1012 948 ex
1033 881 1071 950 S.
1093 884 1267 970 Scriptura

160 969 369 1051 potissimum
393 968 497 1054 petito
520 971 632 1042 esset,
656 899 795 1051 phurima
823 964 914 1030 illius
943 968 1019 1031 loca
1047 969 1080 1032 in
1101 965 1266 1052 ilperlhus

159 1052 231 1120 SS.
256 1053 388 1117 Petrum
404 1050 575 1136 polemicis
599 1049 771 1136 praeclare
795 1049 963 1114 illustrata
985 1050 1206 1120 inveniuntur.

244 1137 375 1201 Novum
398 1136 528 1203 demum
550 1133 687 1200 saeculo
710 1139 826 1219 quarto
849 1134 984 1201 incunte
1006 1135 1170 1203 introduci
1191 1157 1267 1205 coe·

158 1220 322 1304 pituitae
345 1239 454 1306 genus
477 1218 722 1295 monachorum,
743 1217 842 1303 quod,
865 1221 1002 1284 auctore
1026 1221 1180 1301 Antonio,
1204 1223 1265 1288 Pa·

158 1304 286 1369 charaio
309 1305 448 1390 aliisque
470 1322 544 1374 mox
568 1303 672 1388 longo
694 1302 829 1387 lateque
852 1301 1016 1380 diffusam,
1037 1305 1165 1389 apicem
1189 1325 1266 1388 per-

157 1387 316 1454 feetionis
338 1388 549 1456 Christianae
571 1386 709 1470 assequi
731 1385 911 1452 contendit.
955 1387 1065 1452 Vitam
1089 1388 1175 1454 hano
1200 1391 1266 1454 l'a-

157 1481 230 1538 tres
252 1469 348 1556 hujus
370 1473 446 1538 aevi
469 1473 542 1538 iere
564 1489 679 1536 omncs
702 1468 754 1536 rel
778 1469 842 1554 ipsi
861 1470 1061 1556 aliquamdiu
1080 1479 1265 1546 tenuerunt.

158 1556 217 1621 vel
241 1555 316 1620 aliis
344 1556 549 1644 sequendam
581 1573 787 1638 summopere
815 1555 1100 1638 commendarunt,
1126 1577 1266 1642 eamque

158 1640 300 1705 uiuendi
321 1643 478 1707 rationem
502 1640 673 1722 protessus
695 1637 922 1703 aalrrtrerrimis
945 1641 1077 1706 monitis
1098 1647 1133 1707 et
1155 1644 1265 1708 consi·

158 1725 215 1790 liis
236 1724 514 1801 institueranaad
537 1724 719 1809 proiectum
742 1723 833 1787 vitae
856 1723 1007 1789 internae
1028 1733 1064 1790 et
1083 1725 1266 1810 spiritualis

157 1826 220 1874 eos
250 1807 475 1895 instigarunt,
503 1815 605 1893 atone
636 1825 731 1872 omne
753 1807 908 1871 uirtutum
933 1825 1044 1893 genus
1065 1807 1266 1876 Christianis

158 1891 377 1980 inculcarunt,
401 1893 579 1978 praecipue
601 1891 827 1977 virginitatem
850 1909 911 1955 seu
943 1898 1064 1957 statum
1095 1893 1267 1972 coelihem,

158 1976 216 2061 qui
240 1977 342 2050 uenio
373 1977 547 2064 religionis
569 1976 781 2042 Christianae
810 1975 1075 2043 accommodatus
1105 1984 1204 2062 utque
1232 1979 1265 2046 in

158 2061 301 2126 coasilio
320 2061 407 2128 desa
428 2069 464 2127 et
480 2061 711 2147 Apostolorum
735 2058 894 2124 laudatus
917 2061 1088 2126 monachis
1109 2061 1266 2146 imprimis

158 2146 373 2232 congruebat.
419 2145 605 2231 Praecepta
632 2150 742 2208 autem
771 2160 893 2208 morum
925 2152 960 2208 et
996 2145 1105 2211 media
1143 2165 1267 2232 perue-

158 2229 270 2295 nieadi
292 2230 335 2295 ad
356 2231 449 2298 vitae
471 2229 684 2296 Christianae
711 2229 944 2313 perlectionem
968 2227 1035 2295 SS.
1058 2229 1179 2297 Patres
1203 2231 1266 2298 hu-

155 2315 213 2395 jus
233 2315 310 2380 aevi
331 2315 525 2401 frequenter
547 2313 788 2398 consignarunt
810 2313 843 2377 ia
865 2313 1002 2398 scriptis
1025 2313 1068 2378 ad
1087 2315 1265 2382 monachos

160 2397 314 2474 directis,
341 2417 427 2484 onae
448 2405 560 2464 tamen
588 2397 798 2462 nihilomiuus
820 2398 970 2464 omnihus
992 2396 1204 2480 Christianis,
1231 2404 1267 2464 et

161 2482 357 2565 praesertim
378 2481 535 2560 clericis,
566 2481 743 2548 utilissimo
770 2489 858 2546 suna
902 2479 1059 2561 Quamuis
1087 2483 1174 2547 euim
1205 2501 1264 2546 ue-

160 2565 237 2648 gari
260 2583 323 2629 uon
347 2567 463 2648 possit,
483 2566 716 2714 duplicistatu
738 2563 997 2631 Christianorum
1019 2567 1122 2631 vitam
1144 2565 1266 2632 distin-

161 2649 221 2734 gui
245 2649 409 2718 mundano
430 2657 466 2717 et
487 2650 664 2739 reigioso,
693 2656 832 2734 aterque
863 2655 990 2729 tamen,
1024 2649 1157 2715 diverso
1187 2649 1265 2716 licet

160 2733 309 2812 tramite,
337 2734 380 2800 ad
403 2733 543 2802 eundem
566 2733 738 2801 terminum
761 2731 887 2816 tendit,
915 2739 950 2799 et
971 2733 1057 2818 quod
1080 2735 1199 2799 attinet
1221 2735 1263 2800 ad

159 2817 274 2900 praxiu
297 2817 468 2899 virtutum,
495 2818 537 2885 ad
575 2818 685 2885 muudi
714 2823 925 2897 contemtum,
955 2819 997 2882 ad
1036 2823 1264 2902 paupertatem

158 2901 315 2985 spiritus,
336 2903 379 2968 ad
402 2923 546 2970 amorem
574 2904 699 2982 crucis,
728 2923 787 2988 par
815 2903 983 2987 utriusque
1015 2902 1159 2970 conditio
1189 2912 1262 2980 estr

158 3004 255 3050 unum
277 2995 311 3054 et
331 2987 420 3055 idem
429 2987 654 3074 Euangeliou
677 2988 827 3052 omnihus
851 2987 1072 3073 praedicatum
1088 2993 1158 3060 est:
1173 3008 1266 3053 eam-

157 3087 222 3152 rpre
245 3069 336 3135 [leus
358 3073 437 3137 nihil
461 3072 663 3159 praecipiat,
685 3071 749 3137 uisi
771 3075 961 3150 caritatem,
989 3072 1070 3138 nihil
1094 3073 1267 3158 prohibeat

160 3152 225 3216 nisi
247 3153 481 3234 cupiditatem,
504 3150 596 3221 nulla
617 3156 650 3222 iu
672 3155 725 3220 his
753 3155 957 3234 ditlereutia,
991 3156 1082 3221 nulla
1111 3157 1264 3241 exceptio

159 3253 372 3319 personarum
396 3239 569 3321 reperitur.
599 3239 643 3304 Et
662 3241 713 3306 sio
747 3240 895 3324 deraque
917 3241 949 3304 in
973 3237 1263 3306 illisSS.Patrum

159 3319 296 3402 scriptis
314 3318 513 3387 Christianis
535 3324 683 3391 omnihus
704 3261 747 3388 auh
769 3323 909 3394 salutem
932 3323 1092 3407 prolicere
1115 3331 1265 3406 possunt,

159 3403 313 3486 quamvis
336 3403 494 3470 nonnulla
514 3406 596 3472 solis
618 3405 787 3472 monachis
800 3407 1153 3494 congruant-liuhi
1166 3409 1264 3472 etium

158 3487 191 3549 in
206 3484 359 3553 Homiliis
382 3487 668 3558 seuSermonibus
689 3490 730 3556 ad
755 3491 906 3576 populum
930 3490 1051 3556 habitis
1074 3491 1130 3557 illa
1153 3497 1265 3557 aetate

157 3587 279 3635 morum
319 3581 501 3659 praecepta
541 3572 606 3640 sihi
653 3575 853 3660 explicanda
892 3582 1098 3653 sumserunt,
1144 3576 1264 3660 siugu-

157 3652 210 3717 las
240 3653 382 3722 uiantes
411 3657 496 3722 omui
529 3659 641 3724 studio
673 3658 958 3729 commendarunt.
989 3658 1042 3724 rel
1074 3679 1095 3724 a
1128 3660 1265 3742 ‹prilrus-

159 3735 233 3802 dam
268 3739 361 3805 uitiis
397 3740 562 3807 dehortati
598 3748 695 3828 sunt3
732 3761 773 3808 ao
813 3763 876 3825 ouo
907 3743 1058 3809 elhacius
1093 3751 1264 3830 utrumque

158 3830 313 3904 agerent,
334 3826 507 3912 =errornpla
535 3827 752 3908 Sanctorum,
783 3827 839 3890 vel
868 3847 909 3892 ex
946 3826 1085 3894 historia
1121 3829 1262 3912 priorum

158 3910 337 4000 temporam
363 3909 418 3974 vel
447 3929 489 3976 ex
523 3911 603 3996 ipso
627 3909 666 3977 S.
694 3909 820 3976 Codice
848 3909 1018 3990 desumto,
1056 3912 1263 3978 auditor-ilius

156 4008 229 4052 surs
256 3991 417 4058 imitanda
442 4000 693 4079 proposuerunt.
716 4031 758 4045 -
801 3993 853 4060 Ea
882 4013 962 4059 uero
993 3997 1119 4062 ratione
1141 3997 1263 4062 nullum

156 4071 247 4139 uitae
270 4075 484 4143 Christianae
506 4077 648 4145 osticium
679 4079 838 4143 intactum
867 4079 1065 4166 omiseran13
1099 4085 1198 4163 atrpre
1224 4097 1264 4141 eo

155 4157 355 4241 profundius
376 4169 411 4227 et
434 4162 630 4230 luculentias
652 4162 696 4228 de
717 4162 895 4228 uirtntibus
918 4171 952 4227 et
975 4165 1066 4229 vitiis
1095 4163 1265 4226 disserue-

154 4248 250 4326 runt,
281 4263 346 4330 quo
367 4245 513 4331 penitius
535 4253 765 4334 coguoverunt
795 4247 886 4313 vitae
907 4244 1119 4314 Christianae
1142 4242 1265 4308 luada-
