2880 4660
1160 348 1219 412 ldb

115 535 190 586 tero
213 518 483 604 persecutionem
506 524 733 584 commovente
755 517 913 601 Trojano,
942 521 983 584 ab
1013 521 1087 608 ipso
1110 520 1221 605 impe-

116 611 221 670 ratore
243 601 424 668 damnatus
447 601 489 666 ad
520 603 670 678 bestias,
700 603 838 668 Romam
862 606 993 669 rinctus
1016 605 1161 670 mittitur.
1188 607 1221 678 ⁸)

117 685 269 768 Quicum
294 705 357 773 per
371 688 483 752 Asiam
506 687 568 750 sub
591 688 843 752 accuratissimo
864 689 1043 754 satellitum
1066 688 1220 754 custodit

118 773 314 846 ductaretur,
333 772 541 856 singularum
564 771 771 836 nihilominus
794 773 974 849 civitatum,
996 775 1090 858 quas
1104 775 1220 859 ingre-

118 855 272 935 diebatur,
295 856 466 921 ecclesias
486 857 695 920 sermonibus
717 853 753 920 et'
764 856 1044 922 cohortationibus
1056 858 1127 922 suis
1140 874 1222 920 con-

120 937 244 1006 brmans
267 940 426 1006 monebat
447 938 621 1025 imprimis,
657 950 691 1004 ut
711 941 775 1004 sibi
798 959 817 1004 a
841 943 954 1026 pravis
984 941 1220 1008 hoereticorum

122 1023 320 1108 opinionibus
345 1033 517 1098 caverent,
539 1023 703 1108 simulque
726 1032 762 1088 ut
795 1026 1025 1110 Apostolorum
1056 1023 1221 1089 traditioni

122 1109 272 1173 tenaciter
291 1107 518 1185 inhaererent,
540 1126 637 1192 ιμιιιιιι
659 1108 758 1174 etiam
781 1109 935 1175 cautelae
957 1109 1070 1194 gratia
1085 1110 1221 1192 jamjam

121 1193 301 1276 martyrium
324 1192 497 1258 subiturus
518 1191 653 1277 scriptis
676 1192 835 1258 mandore
866 1189 1093 1259 necessarium
1116 1192 1220 1257 durdt.
1305 1213 1306 1218 ¹

94 1275 96 1280 '
122 1274 229 1360 ltaque
250 1295 352 1362 quom
377 1276 556 1360 Smyrnam
588 1275 748 1352 venisset,
775 1277 828 1341 ubi
854 1279 1067 1361 Polycarpos,
1098 1277 1224 1361 pariter

122 1361 247 1445 etipse
279 1361 429 1424 Joannis
462 1359 536 1424 olim
574 1360 704 1425 auditor
735 1367 769 1427 et
803 1361 928 1450 ignatii
962 1361 1221 1442 condiscipulus,

121 1442 351 1528 Episcopatum
375 1443 530 1530 gerebat,
558 1446 729 1520 ecclesiis,
760 1465 845 1530 quae
868 1447 929 1534 ipsi
951 1451 1163 1510 occurrerant
1189 1445 1222 1508 iu

123 1530 177 1590 vio
195 1547 330 1613 eumque
353 1530 588 1593 salutaverunt
611 1545 669 1612 per
689 1547 770 1594 suos
792 1529 1002 1615 praepositos
1023 1529 1221 1613 Episcopos.

123 1612 329 1696 presbyteros
354 1620 388 1675 et
411 1613 586 1688 diaconos,
620 1614 804 1680 mercedem
834 1615 1005 1698 rependit,
1032 1615 1143 1678 missis
1178 1611 1220 1676 nd

122 1694 194 1760 illos
214 1697 322 1762 literis
351 1695 484 1784 gratius
506 1715 634 1779 agens,
666 1717 791 1782 quaes
817 1699 955 1763 iritalem
979 1717 1050 1762 cum
1072 1698 1222 1762 oratione

121 1786 154 1844 et
171 1779 402 1847 exhortatione
425 1779 566 1864 gratiam
582 1781 765 1847 stillabunt.
790 1715 849 1848 gio
863 1803 958 1868 porro
974 1782 1108 1864 scripsit
1124 1799 1221 1844 onum

122 1863 287 1946 epistolam
313 1863 358 1930 ad
380 1865 556 1950 Ephesios,
578 1867 718 1931 alteram
741 1865 784 1932 ud
807 1867 1062 1953 Magnesianos,
1091 1866 1220 1930 tertium

125 1947 165 2014 od
183 1949 391 2025 Trullenses,
413 1957 562 2034 quartam
585 1951 626 2014 ad
651 1952 831 2025 Romanos,
853 1953 885 2014 in
909 1969 983 2034 quo,
1007 1948 1125 2013 ardore
1147 1965 1223 2012 oon·

123 2035 275 2116 sequendi
298 2035 448 2118 martyrii
470 2042 504 2099 et
524 2053 586 2119 spe
610 2036 764 2100 veniendi
785 2035 827 2100 ad
843 2035 945 2100 ileum
964 2033 1084 2100 dodum
1102 2051 1222 2099 accen-

124 2137 190 2196 sus,
209 2118 353 2205 supplex
375 2123 448 2183 orat
469 2125 569 2203 atque
591 2117 740 2184 hortatur
760 2122 941 2199 Romanos,
964 2137 1006 2184 oe
1033 2117 1222 2202 martyrium

125 2219 143 2265 a
163 2221 200 2268 e
221 2201 433 2287 depellentes
456 2220 497 2266 ac
518 2202 738 2288 deprecantes
759 2223 821 2291 spe
842 2223 883 2269 ao
904 2211 989 2270 voto.
1006 2203 1112 2287 ipsum
1137 2203 1223 2266 trunn-

124 2284 201 2351 dare
232 2289 356 2372 uelint3
392 2287 481 2352 sicut
510 2293 545 2352 et
577 2295 693 2372 postea
726 2306 797 2353 rum
826 2285 953 2374 Spiritu
990 2289 1220 2372 cognovisset,
1289 2329 1299 2347 .

124 2370 337 2438 Romanorum
359 2373 545 2458 complures
568 2372 706 2438 orationi
729 2371 912 2437 ferventius
928 2373 1055 2438 instare
1070 2391 1127 2456 pro
1149 2371 1223 2451 ejus

125 2453 327 2536 liberatione,
346 2474 459 2522 veram
482 2453 524 2520 ah
546 2455 614 2520 illis
636 2457 808 2524 caritatem
832 2455 925 2537 petiit
946 2453 1091 2520 siradere
1120 2472 1224 2516 cona·

127 2544 193 2615 tus,
214 2555 258 2604 ne
277 2539 340 2603 sibi
361 2539 402 2604 ad
424 2539 530 2606 Deum
551 2541 725 2605 festinanti
746 2541 946 2604 inviderent.
968 2541 1021 2616 ¹⁸⁴)
1070 2536 1223 2620 „Utinam

130 2623 236 2700 fruar,
262 2622 306 2686 ito
327 2624 457 2700 scribit,
491 2625 607 2689 bestiis
628 2624 712 2700 illis,
746 2622 931 2710 quaemihi
963 2626 1101 2705 paratae
1128 2625 1223 2699 sirnt3

127 2723 208 2792 quas
229 2706 376 2793 equidem
398 2716 475 2793 opto
498 2714 534 2773 ut
556 2727 652 2794 quum
675 2707 809 2796 primum
834 2703 1113 2784 inveriiarn.“·*¹)
1160 2703 1225 2766 Ρο-

126 2798 198 2858 stea
219 2809 298 2858 vero
319 2791 465 2877 Smyrna
488 2793 519 2860 di
551 2813 665 2859 cessus
688 2813 758 2858 crim
781 2791 943 2858 Troadem
969 2790 1130 2866 venisset,
1147 2787 1225 2852 inde

126 2875 167 2940 nd
199 2875 497 2964 Philadelphenses
523 2813 648 2944 illesas
687 2879 781 2944 dedit
815 2885 849 2944 et
883 2875 926 2942 ad
965 2876 1223 2960 Smyrnaeorum

127 2959 311 3037 ecclesiam,
345 2963 564 3047 privatimque
596 2963 639 3028 ad
669 2963 902 3054 Polycarpum,
939 2981 1050 3026 eorum
1081 2959 1225 3042 Episco-

127 3063 212 3129 pum3
233 3063 329 3131 quem
350 3065 420 3112 cum
445 3047 670 3130 Apostolicum
694 3050 797 3112 virum
821 3065 899 3113 esse
923 3045 1021 3130 plone
1044 3059 1226 3130 cognoscc-

128 3134 186 3204 ret,
207 3131 267 3214 ipsi
290 3138 457 3215 tamquam
480 3133 584 3196 bonus
607 3147 647 3196 uc
667 3131 776 3197 tidelis
800 3135 914 3213 pastor
936 3148 1080 3216 gregem
1110 3127 1226 3190 Antio-

130 3211 247 3280 chense
275 3214 450 3281 Ecclesiae
478 3217 730 3282 commendavit.
782 3217 909 3280 Romae
939 3233 1018 3278 vero
1048 3219 1225 3295 antequam

130 3295 161 3360 in
181 3297 427 3384 amphiteatrum
449 3299 680 3380 obduceretur,
702 3301 890 3394 genuflexis
906 3298 1055 3362 omnihus
1069 3294 1226 3389 iratribus

130 3377 236 3447 b'iliom
269 3382 333 3448 Dei
370 3383 559 3449 obsecravit
596 3406 653 3470 pro
688 3385 853 3456 ecclesiis,
895 3401 951 3468 pro
988 3386 1227 3474 persecutionis

128 3467 311 3532 cessatione
339 3472 440 3552 atque
469 3475 579 3534 mutua
609 3471 744 3534 lratrum
774 3471 805 3532 in
833 3487 873 3534 se
902 3464 1045 3530 invicem
1076 3467 1227 3555 caritate.

127 3547 268 3638 Cumque
301 3549 419 3616 ardore
452 3553 602 3636 patiendi
632 3553 804 3635 rugientes
838 3550 969 3616 arrdirct
996 3550 1128 3626 leones,
1163 3556 1227 3610 aar

126 3633 616 3724 ῃ1·ἰιιιιιιιιιίιιιιιΟΙιιίειίειιιιις
649 3637 805 3703 dentibus
836 3635 1013 3702 bestiarum
1042 3632 1161 3714 molor,
1193 3640 1228 3694 ut

134 3805 333 3822 —-———

172 3911 290 3978 ⁸)Acta
308 3922 428 3986 martyr.
448 3935 474 3971 o.
493 3921 520 3974 2.
541 3923 654 3976 hieron.
675 3925 693 3976 Ι.
714 3936 740 3974 c.

158 4007 200 4074 ”l
219 4019 294 4068 nota
310 4021 431 4084 Martyr·
453 4034 479 4071 e.
498 4022 526 4072 d.

141 4105 200 4175 ω)
216 4117 306 4166 mmor
323 4117 419 4181 locon,
439 4121 675 4171 ferventissimum
695 4123 821 4182 martyrtl
842 4121 1009 4170 desidorlum
1028 4118 1231 4231 sptrnquffi

226 4191 612 4382 ἓῐξὲῑὲἕςιὲηέειίιωπίιίιιᾮ
626 4189 1230 4323 :cirinthtgspihhtnutgrngfndnohhoeesfiithryiost.

322 4342 368 4382 ,ιι
421 4341 450 4382 n·
488 4361 498 4382 0
