2866 4652
378 1690 653 1784 uuuutu'llu
681 1695 746 1784 ut)
778 1694 1052 1788 tuuuuuuuu

635 1985 798 1998 —ss—

264 2237 521 2344 Latissimum
556 2275 596 2344 et
630 2293 725 2371 pene
765 2271 977 2346 immensum
1012 2291 1174 2368 campum
1210 2268 1268 2340 iu-

162 2391 354 2490 greditur,
394 2396 454 2493 qui
494 2393 763 2496 perlustrandis
802 2385 969 2470 oriruibus
1006 2391 1082 2471 SS.
1117 2393 1268 2466 Patruur

163 2517 273 2592 libris
297 2521 449 2594 animum
475 2519 615 2620 adjicit.
670 2520 829 2594 Laboris
856 2521 996 2594 crescit
1024 2516 1161 2606 moles,
1188 2537 1270 2588 uum

161 2643 247 2742 quis
282 2651 339 2718 tot
369 2647 764 2746 praestantissimorum
799 2643 960 2744 Operum
996 2642 1144 2716 brevem
1179 2661 1270 2714 cuu-

162 2779 330 2870 speetu·
362 2769 447 2845 aliis
479 2769 659 2848 exhibere
691 2773 902 2872 praesumit.
956 2771 997 2842 lu
1032 2777 1132 2842 tauta
1157 2766 1271 2862 igitur

161 2897 327 2996 suseepti
340 2895 476 3001 Operis
494 2896 733 2998 amplitudine
751 2919 796 2972 ac
815 2895 1035 2971 difficultate
1062 2913 1202 2989 aequos
1229 2899 1267 2962 et

162 3018 344 3120 benignos
369 3021 518 3122 judices
546 3023 636 3100 licet
662 3033 900 3123 exspectare,
929 3018 1038 3117 idque
1065 3024 1166 3092 tanto
1194 3038 1270 3088 rna-

162 3147 241 3242 gis‚
268 3154 402 3244 quanto
430 3157 517 3225 sunt
542 3151 757 3250 pauciores,
793 3149 853 3244 qui
889 3147 1013 3220 invia
1047 3146 1122 3219 isla
1148 3141 1268 3216 facem

12 3289 13 3296 ’
162 3271 421 3370 praetulerunt
482 3275 657 3352 Attamen
694 3283 733 3348 ut
765 3274 861 3348 sciat
898 3271 1058 3362 Lector,
1092 3267 1178 3367 quid
1212 3289 1269 3342 me

160 3393 207 3468 sil
242 3396 320 3472 tale
349 3421 395 3474 ue
430 3405 569 3474 tuntum
608 3400 712 3500 Opus
748 3394 1042 3497 aggrediendum
1076 3417 1270 3495 permove-

159 3521 225 3612 rit,
260 3520 348 3620 quid
378 3528 528 3624 assequi
564 3526 787 3618 studuerim,
821 3525 951 3623 quibus
986 3521 1145 3620 (lenique
1180 3522 1271 3596 sub-

159 3645 268 3722 sidiis
304 3651 354 3723 uli
385 3649 471 3726 milri
502 3655 720 3751 contigerit,
757 3654 885 3752 paucis
918 3653 990 3726 istu
1022 3649 1183 3750 praelati
1211 3649 1270 3724 vi-

161 3795 240 3846 sum
266 3783 337 3848 est.

262 3895 435 3975 Studium
462 3899 538 3979 SS.
557 3903 718 3996 Patrum,
746 3905 781 3976 in
809 3925 956 4001 quorum
985 3903 1089 3978 libris
1117 3902 1269 3978 thesau-

161 4045 223 4097 rus
248 4024 495 4103 inexhaustus
520 4029 690 4104 veritatis
714 4031 870 4105 animum
898 4029 1032 4122 allicit,
1066 4029 1164 4104 uude
1191 4051 1269 4102 om·

159 4169 228 4224 res
253 4145 475 4253 (lisuipliuse
501 4152 741 4254 theologicae
769 4155 889 4231 lumen
916 4164 1119 4253 acquirunt,
1145 4179 1167 4227 a
1192 4152 1268 4251 pri-

159 4273 228 4352 nis
245 4273 483 4381 Theologiss
510 4283 618 4358 aunis
645 4290 726 4357 erat
753 4279 839 4356 milri
866 4282 902 4355 in
931 4283 1041 4355 votis.
1077 4275 1158 4352 Sed
1186 4303 1271 4379 par-
