2866 4652
1235 275 1274 336 21

157 433 216 525 (l.
239 433 319 504 Cor.
343 435 382 518 4,
407 435 554 500 14-15.
578 432 629 500 Cl.
656 431 730 500 Gal.
754 435 791 511 4,
818 429 893 520 19.)
937 433 1049 498 l'rrrrer
1072 435 1185 520 itaque
1208 436 1272 502 Ec·

156 521 278 584 clerice
305 524 468 586 uocantur
498 517 566 598 illi,
599 517 655 602 qui
689 523 790 584 totam
821 515 1006 584 Ecclesiam
1035 521 1173 605 seriptis
1201 521 1272 588 suis

156 605 370 672 illustrarunt
392 608 428 670 et
451 601 652 679 docueruut,
678 621 827 688 quosque
855 602 930 685 ipsa
952 601 1109 672 Ecclesia
1132 623 1194 672 eeu
1218 613 1270 672 ta-

156 690 210 756 les
232 688 378 772 suspicit
398 692 434 752 et
455 692 645 752 verteretur.

246 770 346 838 Hand
369 771 527 857 exiguum
548 771 635 836 cniur
658 768 835 838 intercedit
857 769 1035 838 discrimen
1057 771 1144 840 iuter
1173 783 1271 844 vete·

155 877 215 923 res
237 855 492 924 ecclesiasticae
516 853 688 922 doctrinae
710 861 927 928 tractatores:
951 876 1045 939 quum
1093 858 1172 945 algo
1185 857 1220 926 S.
1230 857 1267 926 S.

159 941 282 1008 Patres
324 941 564 1026 appellentur,
620 939 807 1026 rpricunque
850 937 1032 1006 Christiani
1106 945 1268 1026 criptorcs

161 1023 314 1091 doctrina
337 1025 392 1092 vel
414 1023 610 1108 antiquitate
632 1022 801 1108 conspicui
825 1021 965 1100 luerunt,
984 1033 1019 1092 ut
1032 1025 1271 1110 Tertullianus‘,

159 1109 318 1206 Clemens
343 1107 607 1205 Alexandrinus,
630 1105 816 1206 litigenae,
830 1107 1055 1206 ‚Lactantius
1086 1109 1270 1192 Eusebius;

153 1187 1072 1373 alterit‘talltllffa''tetllalttttalla
1092 1213 1187 1360 tlte,
1200 1193 1295 1348 ia.

157 1361 270 1448 potius
295 1362 506 1446 apostolieae
529 1368 562 1428 et
584 1296 794 1428 Cdrrrstiunae
815 1359 986 1426 doctrinae
1011 1369 1134 1442 testes,
1157 1384 1209 1430 rna
1238 1367 1267 1430 i-

153 1455 247 1512 stros
275 1451 312 1510 ct
335 1443 468 1530 judices
490 1440 543 1532 *J
579 1465 657 1512 esse
679 1444 864 1542 declaro
894 1445 995 1512 l‘rout
1025 1448 1112 1516 enirn
1142 1385 1265 1516 acde—

155 1531 230 1596 siae
257 1539 328 1606 est,
357 1529 530 1598 declarare
552 1529 717 1596 infallibili
738 1535 953 1610 auctoritate,
983 1532 1114 1616 quinam
1144 1533 1266 1600 luerint

154 1622 314 1680 auctores
337 1615 500 1700 inspirati,
523 1635 584 1680 seu
607 1615 754 1682 condere
777 1611 874 1679 lixum
896 1633 1052 1682 canonem
1065 1614 1264 1703 S.Seriptu·

156 1717 237 1774 rae,
259 1693 341 1784 aa)
362 1699 410 1765 ita
431 1699 532 1766 etiam
555 1699 657 1782 ipsius
679 1704 734 1765 est
756 1695 945 1774 declarare,
967 1700 1100 1784 «ruinam
1121 1702 1189 1768 sint
1213 1711 1265 1768 te-

155 1790 232 1848 stes
254 1781 360 1848 idonei
388 1791 424 1848 et
445 1782 600 1869 magistri
631 1783 801 1849 doctrinae
823 1802 846 1848 a
867 1781 999 1848 Christo
1026 1792 1061 1850 et
1092 1785 1264 1869 Apostolis

159 1865 317 1944 traditae,
338 1887 437 1952 quarn
459 1869 535 1952 ipsa
554 1867 631 1934 sola
653 1873 755 1934 totam
777 1865 887 1948 nouit,
910 1863 1061 1952 adeoque
1085 1867 1158 1952 ipsa
1181 1869 1265 1948 sela,

155 1957 263 2016 utrum
285 1951 316 2016 in
340 1953 443 2019 certis
465 1951 659 2037 quibusdam
682 1949 819 2036 scriptis
841 1967 920 2015 vere
943 1951 1161 2034 contineatur,
1185 1951 1264 2036 dijun-

154 2033 270 2102 dicare
291 2037 393 2102 valet.
447 2035 591 2102 Constat
617 2037 727 2110 enirn,
754 2053 819 2100 uon
848 2053 964 2100 omnes
991 2034 1176 2120 Episcopus
1206 2039 1262 2104 vel

153 2119 394 2202 PresbyteroS,
422 2139 506 2206 quos
536 2120 569 2186 ui
601 2119 744 2186 muneris
772 2124 884 2204 patres
912 2137 975 2184 seu
997 2122 1177 2208 magistros
1199 2140 1262 2186 uo-

154 2221 236 2270 care
258 2205 355 2284 licet,
383 2206 416 2269 in
444 2221 525 2270 vera
546 2209 580 2269 et
603 2223 685 2288 pura
707 2201 832 2270 Christi
855 2203 1005 2270 doctrina
1033 2203 1194 2271 tradenda
1216 2203 1260 2272 ad

151 2285 255 2354 linem
277 2307 383 2374 usque
410 2307 672 2373 perseverasse,
700 2287 761 2356 sed
791 2285 951 2374 quosdam
980 2306 1091 2354 eornm
1119 2290 1262 2356 veritate

151 2371 336 2448 excidisse,
357 2372 511 2458 adeoque
530 2369 659 2437 minime
681 2369 819 2437 idoneos
840 2371 989 2436 existere
1011 2381 1117 2437 testes
1139 2381 1174 2438 et
1197 2393 1262 2440 rna·

154 2455 286 2539 gistrns
309 2453 477 2522 «leoninae
505 2477 525 2522 rr
552 2455 685 2522 Christo
711 2461 748 2522 et
769 2454 940 2538 Apostolis
962 2455 1140 2520 Ecclesiae
1170 2475 1260 2522 eoni-

158 2537 295 2604 missae.
339 2536 428 2622 Qiios
448 2539 605 2606 universa
618 2537 775 2606 Ecclesia
795 2545 952 2623 nunciam
977 2537 1158 2624 magistros
1181 2555 1260 2604 snos

155 2627 343 2708 agnoscat,
378 2623 484 2709 utique
512 2623 645 2690 nonnisi
675 2623 751 2708 ipsa
774 2621 933 2688 Ecclesia
952 2627 1102 2686 statuere
1131 2627 1260 2706 potest:

155 2703 247 2790 quod
269 2705 397 2792 quidem
420 2728 461 2774 ex
481 2708 590 2795 ipsius
610 2709 688 2776 sive
715 2725 879 2796 expressa
906 2703 1153 2784 declaratione,
1186 2705 1261 2772 sivo

151 2791 251 2876 praxi
275 2792 487 2874 repetendum
509 2797 572 2866 cst.

243 2874 287 2940 Et
308 2885 427 2941 revera
460 2875 641 2962 „Ecclesia
662 2892 795 2961 semper
816 2875 878 2942 hoe
901 2875 976 2958 jnre
997 2889 1060 2940 uso
1082 2880 1155 2952 est,
1184 2874 1260 2942 dum

150 2959 291 3034 multos,
337 2979 397 3024 uos
418 2960 452 3025 in
471 2961 702 3028 auctoritatem
725 2960 861 3046 recepit,
882 2959 920 3027 S.
943 2957 1071 3044 Spiritu
1093 2961 1259 3025 iustruen·
1356 3041 1360 3048 .

151 3038 235 3116 te,“
256 2980 368 3130 Md)
413 3064 474 3109 ceu
507 3041 575 3110 SS.
601 3043 717 3108 l'atres
738 3049 905 3110 ¹venerata
932 3050 1001 3120 cst,
1027 3050 1071 3140 'et‘
1096 3043 1127 3107 in
1159 3044 1259 3140 rebus

151 3123 265 3189 dubiis
285 3127 469 3200 consnlnit,
493 3134 528 3191 ut
549 3127 731 3192 lrrculentcr
753 3134 844 3210 patet
866 3146 907 3192 ex
931 3127 1092 3191 Concrlns
1115 3126 1259 3224 Epinesi-

152 3225 198 3272 no
220 3207 320 3298 (Act.
346 3211 371 3276 Ι.
408 3211 707 3290 ,chalcedonensi
728 3207 832 3298 (Act.
856 3205 945 3292 lt),
981 3211 1259 3296 Constantinopo-

152 3289 258 3358 litana
279 3293 341 3360 lll.
381 3297 455 3360 Act.
476 3295 538 3376 X.)
560 3303 594 3362 et
616 3295 764 3362 Nicaeae
777 3293 821 3361 11.
845 3295 936 3369 (rtet.
961 3293 1018 3357 lv.
1044 3301 1078 3356 ct.
1100 3293 1186 3373 vl),
1206 3297 1259 3360 ubi

150 3393 220 3442 uou
241 3395 355 3446 ourncs
379 3379 566 3466 promiscue
592 3379 783 3465 Scriptores
810 3375 1033 3450 ecclesiastici
1064 3395 1124 3444 ceu
1153 3384 1260 3443 testes

200 3717 231 3774 *l
249 3719 304 3768 Eds
323 3725 400 3770 recte
419 3723 503 3770 etlinun
516 3719 631 3782 jocans
651 3731 728 3782 posse
748 3723 853 3780 vocari,
872 3722 963 3782 palam
982 3719 1011 3770 tlt
1030 3721 1260 3784 exS.Augusllnn

256 3803 283 3837 c.
300 3791 408 3840 Julian.
428 3794 444 3839 Ι.
466 3793 486 3840 Ι.
509 3805 535 3841 ιι.
555 3791 598 3840 93.
621 3793 639 3839 l.
662 3794 696 3840 ll·
717 3803 746 3839 ιι.
764 3787 810 3840 dd·
829 3789 875 3842 36.
895 3792 924 3840 et
949 3801 984 3840 ex
1012 3789 1040 3841 S.
1062 3791 1193 3842 vincent.
1214 3794 1259 3840 ln-

256 3863 311 3907 rin.
330 3860 496 3911 commouit.
515 3874 541 3910 o.
560 3862 595 3912 30
612 3861 671 3919 ted.
693 3857 810 3918 arduo).

187 3949 234 4012 Ἠ)
255 3956 334 4020 „Ego
352 3953 455 4012 vero,“
485 3961 573 4020 innunt
591 3962 620 4005 θ’.
642 3959 823 4017 noradinus,
844 3959 1018 4020 „Evangelio
1037 3969 1089 4006 non
1109 3961 1262 4012 crederem,

259 4029 314 4076 urst
332 4039 376 4078 rae
394 4026 554 4076 Catholicae
576 4029 718 4078 accitanae
738 4031 921 4078 contereret
938 4023 1123 4078 onerassed*
1159 4029 1187 4074 S.
1204 4027 1261 4073 Λιι-

258 4101 332 4157 guse.
351 4103 447 4146 centra
467 4101 550 4159 epist.
571 4099 752 4148 Earndameutl
772 4111 801 4148 ιι.
819 4095 848 4148 a.

171 4183 235 4248 ω)
252 4195 281 4240 s.
303 4195 463 4244 ttornlatac
484 4196 511 4245 Ρ.
528 4197 611 4256 epist.
638 4194 681 4246 ld.
707 4198 740 4244 nrt
761 4196 948 4247 Poescmoreru
968 4193 1129 4255 Epriscopurn
1154 4187 1264 4241 (Maniai

262 4261 295 4312 Τ.
317 4265 392 4313 vttl.
413 4267 464 4314 eol.
483 4261 567 4322 too).
