2948 4662
1223 261 1287 328 alt

166 422 288 490 nenda
308 429 405 501 sunt,
427 427 482 502 nt,
504 439 591 507 oriae
613 421 802 508 haereticus
824 424 880 489 vel
903 422 945 490 ad
967 421 1123 490 haeresin
1141 428 1209 510 jam
1233 428 1286 492 in-

165 510 304 574 clinans
326 507 482 592 scripsit,
505 507 634 574 nonnisi
656 513 753 572 caute
776 509 930 594 legamus
953 516 987 574 et
1009 528 1140 576 errores
1160 529 1286 578 caveo-

164 613 254 658 mns.
301 589 392 657 Sunt
418 594 676 675 autempartirn
707 592 938 678 apologetica,
972 594 1088 676 partim
1118 593 1285 662 adversus
1373 649 1377 656 .

164 676 345 751 Judaeos,
376 675 494 760 partim
517 673 683 739 aduersus
705 673 895 741 haereticos
917 678 1122 760 conscripta,
1150 679 1219 743 alia
1242 679 1285 744 de

165 761 327 825 doctrina
349 759 463 824 morali
484 759 539 824 vel
564 756 606 822 de
629 759 807 824 Ecclesiae
829 759 1005 844 disciplina
1028 768 1188 842 tractant,
1216 763 1284 828 alia

166 843 321 930 denique
343 842 532 909 Ecclesiam
555 840 953 928 Callinicum-inpetunt.

256 955 285 1020 Ι.
322 955 415 1021 Inter
437 950 569 1040 Opera,
598 953 719 1040 quibus
742 953 938 1041 religionem
958 953 1181 1035 Christianam
1203 975 1281 1024 oon·

168 1063 222 1120 tra
244 1055 380 1121 Gentes
401 1061 510 1121 tuetur
532 1056 654 1121 eminet
673 1039 965 1140 Apamenorum
993 1077 1119 1123 summo
1151 1077 1284 1144 semper

167 1143 200 1205 in
225 1141 338 1225 pretio
360 1138 507 1216 habitus,
530 1139 563 1203 in
586 1158 649 1224 quo
672 1159 711 1206 se
733 1141 840 1225 ipsum
861 1141 1086 1206 Tertullianus
1108 1143 1189 1226 styli
1211 1145 1283 1209 ele·

166 1225 315 1310 gautia,
349 1229 616 1304 argumentorum
650 1225 683 1288 vi
712 1241 752 1288 ac
782 1225 952 1310 multiplici
980 1225 1165 1292 eruditione
1194 1227 1282 1303 vicit,

166 1328 231 1373 nec
254 1308 465 1373 solummodo
488 1315 640 1374 cunctam
662 1309 789 1374 saeculi
811 1308 1020 1395 disciplinam
1037 1309 1201 1394 exposuit,
1219 1309 1283 1376 sed

167 1401 202 1458 et
212 1391 394 1458 Ecclesiae
416 1409 549 1456 cansam
572 1392 672 1478 plene
695 1411 871 1474 perorasse
891 1391 1033 1458 videtur.
1058 1392 1094 1456 ln
1119 1411 1159 1458 eo
1204 1411 1281 1458 rae-

168 1477 288 1542 sertim
309 1476 406 1541 varia
428 1473 565 1542 crimina
587 1474 787 1541 Christianis
816 1476 946 1559 objecta
972 1475 1150 1561 splendide
1173 1415 1280 1542 Xiluit

169 1619 212 1630 -
234 1577 331 1644 idem
353 1579 425 1646 leia
446 1581 676 1665 argumentum
699 1577 869 1643 continent
895 1561 988 1637 libri
1013 1563 1089 1636 duo
1115 1563 1169 1637 od
1190 1561 1278 1637 Nu·

168 1671 293 1742 tr'onee
316 1677 362 1766 [i.
385 1699 415 1746 e.
439 1679 484 1746 ad
507 1671 705 1762 Gentiles),
731 1677 794 1743 sed
818 1680 883 1747 alio
904 1699 1011 1767 coque
1033 1682 1168 1746 meliore
1191 1679 1281 1745 ordi-

166 1785 231 1846 aeq
263 1767 322 1832 isti
344 1771 455 1830 tamen
477 1761 541 1831 duo
563 1763 858 1849 libri‚.praecipue
881 1782 961 1830 vero
983 1765 1161 1840 secundos,
1182 1763 1283 1829 hiati-

167 1867 232 1934 bus
256 1872 295 1933 et
316 1865 444 1932 lacunis
467 1864 701 1932 deformantur.
724 1903 765 1918 -
793 1865 1111 1932 'l'ractatnsbreais
1132 1850 1180 1923 de
1207 1857 1281 1924 tea·

170 1957 330 2028 timonio
357 1957 506 2026 animae
533 1965 668 2050 pulchre
690 1967 846 2047 ostendit,
869 1967 1009 2032 animam
1032 1967 1228 2034 naturaliter
1247 1974 1283 2035 et

167 2053 429 2204 tudelle
451 2069 781 2202 adlteruae
798 2050 970 2202 delire*
991 2049 1283 2203 ἔξθᾞιὲἒέθόἕῖ

166 2159 384 2288 hanchitom
404 2221 593 2297 imminere,
624 2218 767 2305 denique
787 2222 928 2287 animam
949 2237 1031 2286 esse
1051 2157 1279 2289 immortafem.

167 2353 223 2366 -
261 2305 384 2382 Libro
409 2307 463 2380 ad
488 2303 721 2404 Scopulum,
757 2322 811 2404 qni
846 2322 983 2389 Africae
1017 2323 1164 2388 Praeses
1196 2329 1282 2401 erat,

172 2409 363 2474 libertatem
395 2408 506 2472 cultus
539 2406 641 2470 divini
670 2405 811 2482 asserit,
833 2407 972 2490 ejusque
1005 2406 1144 2470 animum
1178 2407 1281 2472 variis

174 2492 357 2576 propositis
383 2490 567 2558 rationibus
597 2507 618 2553 a
646 2507 770 2556 severa
792 2489 917 2572 agendi
938 2491 973 2554 in
994 2487 1203 2553 Christianos
1225 2507 1280 2553 ra·

176 2575 272 2641 tione
292 2593 444 2642 revocare
466 2579 616 2641 conatur.

258 2703 302 2768 ll.
339 2686 461 2763 Liber·
503 2688 688 2762 aduersus
725 2683 900 2760 Jrcdueoa
927 2699 1079 2781 exponit,
1114 2717 1200 2786 qnae
1237 2702 1282 2767 sit

168 2787 290 2854 relatio
312 2787 492 2854 Gentilium
514 2787 557 2854 ad
580 2787 750 2864 Judaeos‚
776 2787 867 2873 legis
891 2788 969 2852 item
991 2785 1164 2852 Mosaicae
1188 2786 1280 2870 posi-

167 2874 265 2938 tivae
286 2872 329 2937 ad
352 2874 466 2960 legem
488 2881 628 2938 naturae
649 2870 802 2936 moralem
831 2876 932 2956 atrpne
961 2870 1003 2935 ad
1033 2870 1278 2955 Evangelinm

167 2958 289 3022 Jesum
311 2954 481 3023 Christum
502 2974 583 3022 vcro
603 2955 763 3021 Messium
787 2973 867 3021 esse
889 2973 910 3021 a
931 2955 1076 3021 Jodaeis
1097 2962 1280 3039 exspecto-

169 3047 236 3106 lom
262 3040 340 3106 inde
368 3043 505 3126 probat,
533 3039 619 3127 qnod
649 3038 808 3106 vaticinia
832 3037 1068 3124 Prophetarum
1099 3041 1207 3106 omnia
1238 3038 1280 3104 de

172 3126 322 3190 Messias
346 3124 493 3190 adventu
516 3125 549 3189 in
570 3144 609 3189 eo
633 3124 783 3208 perfecte
807 3123 931 3189 fuerint
952 3123 1149 3206 adimpleta:
1174 3122 1280 3188 aJo-

172 3207 268 3275 dacis
290 3227 371 3276 vero
394 3228 458 3274 non
482 3209 588 3274 fuisse
612 3208 760 3294 agnitum
783 3204 895 3287 addit,
925 3207 1013 3292 qnod
1046 3210 1119 3288 ejus
1148 3215 1280 3289 postre-

172 3311 254 3441 munfr
275 3293 470 3440 dadventum
499 3292 684 3378 gloriosum
713 3310 786 3358 cum
816 3289 918 3375 primo
945 3289 1057 3356 humili
1087 3296 1122 3355 et
1151 3289 1281 3371 alp‘ecto

171 3395 229 3442 con
249 3397 271 3441 n
296 3378 396 3443 erint.

256 3487 321 3552 111.
353 3487 500 3554 Tertiam
522 3486 672 3554 classem
689 3485 893 3551 constituunt
913 3483 1053 3571 plurima
1075 3485 1148 3566 ejus
1168 3479 1281 3570 Opera

167 3579 289 3638 contra
310 3571 509 3648 haereticos
531 3571 564 3636 in
586 3571 705 3656 quibus
729 3569 862 3653 primum
883 3568 983 3634 facile
1005 3569 1113 3634 locum
1137 3575 1279 3656 occupat

167 3657 268 3733 liber
292 3657 340 3734 dc
369 3656 741 3758 praescriptionibus
775 3655 957 3730 adversus
988 3655 1197 3732 liuereticoo
1229 3674 1280 3754 ⁴).

170 3843 384 3859 m

220 3940 253 4002 *)
270 3943 348 4006 Quae
367 3948 396 3996 ln
415 3945 469 3996 tine
488 3939 570 4005 injus
589 3945 688 4004 operis
707 3945 789 3994 nodie
808 3946 990 3995 lovenluntur
1006 3958 1030 3994 c.
1050 3941 1118 3996 45-
1131 3944 1195 4006 ea,
1218 3947 1280 3993 aln-

274 4015 402 4078 golorum
419 4016 532 4065 scillcet
550 4016 751 4064 naereticorum
772 4017 899 4066 recensio
917 4027 1065 4078 eorumque
1078 4025 1199 4066 errorum
1214 4013 1279 4061 bra-

277 4087 321 4133 via
338 4088 487 4149 exposltlm
506 4096 542 4135 ax
559 4088 695 4136 communi
714 4087 890 4135 Erudltorum
906 4096 1040 4136 consenso
1058 4090 1135 4135 recte
1151 4087 1278 4142 nrnqurnn

276 4156 371 4273 saurga
397 4159 426 4208 et
449 4158 624 4220 supposititia
648 4151 831 4220 rejiciantur,
867 4153 905 4204 ct.
932 4147 1051 4206 ceillier
1074 4155 1095 4202 l.
1122 4163 1149 4200 c,
1175 4163 1200 4210 p.
1230 4145 1284 4198 lul
