2886 4660
1194 335 1235 403 57

113 507 193 568 tere
215 503 377 574 conatur,
409 495 622 585 restringitur
642 504 678 566 et
699 505 887 576 coercetur,
919 501 1058 570 libertas
1080 501 1235 585 ingenio-

115 605 191 650 rum
213 601 283 649 non
304 582 449 663 tolliturc,
472 582 549 666 quin
571 583 644 656 imo,
668 589 703 648 ιιι
725 583 839 650 verius
862 586 980 666 dicum,
1002 606 1084 654 vcra
1103 595 1139 654 et
1157 607 1236 672 per-

116 669 214 734 fecta
236 668 368 754 ingenii
391 665 525 731 humani
548 665 687 733 libertas
716 669 766 734 sic
794 668 921 736 domurn
950 669 1129 750 inducitur,
1160 671 1235 739 dum

115 751 281 820 Ecclesia
302 751 455 817 homines
477 767 518 816 ea
539 749 666 817 ratione
689 753 731 817 ab
754 769 867 820 errore
889 753 1037 835 retrahit,
1058 763 1093 822 et
1114 756 1155 824 ad
1173 775 1236 822 ve-

117 838 256 902 ritatem
279 835 428 902 divinam
450 835 546 918 quasi
570 855 667 900 manu
691 835 798 907 ducit:
834 857 906 904 eam
935 839 1020 905 enirn
1048 841 1234 920 veritatem,

119 921 169 986 ad
195 938 291 1005 qnam
313 935 431 985 omnes
454 919 533 984 lacti
555 925 643 995 sunt,
666 920 741 986 dum
762 920 904 990 libenter
922 929 957 988 et
976 929 1151 1008 gratanter
1165 942 1237 990 am-

124 1005 305 1089 plerantnr
325 1003 490 1077 homines,
512 1021 683 1084 summam,
705 1023 817 1071 veram
840 1007 1077 1091 etpert'ectan'r
1101 1007 1236 1076 liberta-

43 1125 52 1137 ·
97 1097 193 1154 vtorn
213 1092 446 1172 assequuntur.
468 1088 502 1166 “)

626 1271 663 1364 S.
686 1289 739 1352 er.

76 1447 79 1452 ·
163 1425 359 1491 Auctoritas
391 1424 583 1490 Snrnroruu
607 1425 738 1490 Parrum
764 1429 800 1492 in
823 1432 932 1494 Arcesi
954 1441 984 1494 et
1017 1432 1191 1497 l'ustorulr'.

211 1592 250 1658 ln
270 1592 365 1659 hisce
386 1591 515 1658 duabus
539 1591 726 1678 disciplinis
749 1595 960 1683 theologicis,
980 1605 1016 1664 ιιι
1032 1598 1095 1666 rite
1110 1598 1234 1687 ligatur

122 1674 195 1744 SS.
216 1675 353 1742 Patrum
375 1677 582 1747 auctoritas.
604 1685 683 1744 ante
704 1680 813 1746 omnia
835 1679 1045 1768 distinguere
1061 1685 1160 1765 jnvat
1180 1701 1233 1760 eu,

122 1779 213 1844 qnae
235 1760 439 1827 constituunt
460 1760 641 1828 earundem
664 1762 823 1850 principia
848 1766 1040 1851 dogmatica
1069 1773 1104 1832 et
1126 1785 1235 1832 moru-

122 1847 189 1926 lia,
222 1845 264 1910 ab
283 1845 341 1924 iis,
376 1862 462 1931 quan
483 1853 687 1911 concernunt
706 1848 782 1913 sive
805 1850 911 1916 media
933 1848 1007 1915 sive
1035 1847 1164 1916 modurn
1191 1848 1235 1914 ad

123 1931 279 1996 virtutem
303 1936 339 1996 et
360 1929 574 1996 miniatem
597 1930 831 2016 perveniendi,
853 1933 989 2001 verbum
1011 1932 1076 1998 Dei
1106 1931 1236 2018 praedi·

121 2013 239 2090 cundi,
260 2031 361 2080 sacra
383 2012 655 2095 administrandi,
676 2015 873 2103 animasque
894 2015 937 2084 ad
960 2017 1101 2084 salntem
1123 2022 1236 2084 aeter·

120 2117 199 2166 nnm
222 2096 400 2186 dirigendi.

209 2209 379 2296 Principia
401 2208 458 2276 illa
480 2226 552 2276 cunr
574 2209 654 2275 nihil
678 2209 767 2278 uliud
788 2211 867 2290 sint,
888 2211 954 2278 nisi
973 2212 1142 2299 ipsissima
1159 2210 1237 2278 tidei

121 2312 314 2380 morumque
338 2293 516 2382 dogmata,
537 2293 571 2359 in
594 2293 732 2362 Sanctis
753 2295 909 2363 Patribus
931 2304 1007 2363 sunt
1028 2315 1071 2363 ex
1096 2295 1235 2363 uireuda

121 2385 158 2446 et
178 2375 405 2456 invenienda3
427 2383 463 2445 et
483 2377 591 2464 quoad
614 2378 702 2444 lianc
723 2385 850 2464 partem
873 2381 1052 2446 auctoritas
1073 2315 1143 2446 gs·
1159 2377 1234 2444 .Pa·

120 2470 211 2528 trum
238 2463 274 2528 in
302 2462 421 2528 Arcesi
447 2467 483 2528 et
507 2461 673 2527 Pastornli
700 2461 819 2530 cadem
848 2469 922 2539 est,
959 2481 1045 2549 quae
1074 2464 1108 2528 in
1136 2461 1236 2528 rebus

124 2544 209 2612 tidei
229 2550 266 2610 et
286 2563 418 2610 morum.
440 2541 496 2636 (ιι.
520 2533 558 2622 S.
577 2539 652 2633 19.)

213 2651 375 2736 Quantum
397 2654 438 2722 ad
458 2658 589 2736 media,
616 2654 830 2744 modumque,
859 2673 902 2724 ea
923 2655 979 2722 vcl
1002 2674 1044 2723 ex
1067 2654 1116 2721 rei
1137 2660 1236 2719 nutu-

120 2759 162 2806 ra
184 2745 284 2807 etex
307 2738 407 2823 genio
427 2741 601 2824 religionis
624 2741 835 2809 Christianae
856 2739 1044 2808 accuratius
1072 2757 1235 2840 perspec-

119 2832 179 2891 tae
201 2829 237 2890 et
257 2824 291 2888 in
313 2843 447 2892 succum
468 2827 733 2926 sanguinemque
754 2843 877 2893 versae
898 2825 1011 2904 fluunt,
1034 2824 1090 2890 uel
1112 2822 1234 2911 princi·

121 2909 188 2994 piis
209 2907 461 2996 psychologicis
474 2909 685 2990 innituntur,
716 2910 773 2976 vel
799 2929 820 2976 a
842 2909 1098 2976 circumstantiis
1120 2913 1236 2974 exter·

121 2995 176 3058 nis
210 3003 392 3077 temporum
424 2995 633 3081 locorumque
661 3013 703 3060 ac
735 3013 947 3080 personarum
974 2993 1132 3080 pendent.
1196 2991 1234 3056 ln

120 3075 225 3142 rebus
246 3076 403 3144 asceticis
426 3084 462 3144 et
484 3079 709 3161 pastoralibus
731 3078 823 3165 prinu
845 3078 1000 3164 generis,
1021 3097 1083 3143 reu
1105 3077 1140 3141 in
1163 3093 1234 3140 mo-

121 3159 166 3224 do
196 3158 380 3247 mediisque
412 3163 649 3248 perlectionem
671 3160 893 3228 Christianam
916 3160 1130 3248 acquirendi,
1160 3159 1235 3225 uni-

121 3261 263 3328 masque
283 3243 316 3309 in
340 3245 396 3311 via
417 3245 537 3312 salutis
559 3245 747 3334 dirigendi,
776 3262 863 3330 qnae
885 3262 929 3310 ex
950 3245 999 3310 rei
1020 3251 1141 3310 nutura
1169 3261 1234 3332 ge·

121 3327 245 3412 nioqne
266 3327 441 3414 religionis
463 3327 674 3398 Christianae
696 3333 822 3410 fluunt,
844 3327 986 3394 maxima
1009 3334 1062 3393 est
1089 3325 1234 3391 auctori-

121 3419 179 3478 tas
201 3407 401 3478 Sanctorum
420 3414 566 3480 Petrum.
610 3415 707 3480 Haec
728 3415 814 3480 enim
833 3429 924 3480 mera
945 3417 1024 3478 sunt
1045 3409 1234 3506 plerumque

119 3497 331 3562 consectaria
352 3516 396 3564 ex
425 3497 467 3564 do
497 3497 639 3564 mutibus
661 3497 738 3564 tidei
759 3514 950 3581 morumque
972 3493 1036 3560 rite
1056 3509 1232 3580 expens1s3

118 3580 234 3666 itaque
256 3588 381 3728 quanto
403 3517 600 3666 proffindinr
616 3588 650 3648 et
672 3581 861 3647 accuratius
883 3579 1015 3676 aliquia
1035 3579 1110 3665 ipsa
1145 3575 1233 3676 dog·

118 3669 212 3730 mata
234 3663 255 3730 tl
281 3664 313 3730 ei
332 3683 522 3753 morumque
544 3665 744 3754 cognoverit
766 3671 799 3731 et
822 3669 1054 3752 perspexerit,
1083 3679 1234 3749 omnique

171 3943 205 4009 *)
223 3947 383 4067 (ἐιι-ιιιᾶιιιιι
402 3945 552 4012 cajetanus
569 3953 631 4002 stre
649 3951 807 4002 cardinalia
825 3950 1118 4068 Thollmrarl'm’tm
1136 3950 1165 4068 ιΙιι
1175 3961 1233 4068 ἐξα

230 4019 882 4152 ,tenzltlsttfllalandet
904 4021 936 4136 l.
956 4023 1234 4150 §arctatae

227 4159 372 4208 oratoribus
390 4161 576 4222 vindicando,
604 4161 752 4213 nonnullos
770 4163 833 4210 ideo
850 4163 948 4210 ιιιοιιιι
966 4161 1009 4208 est
1027 4158 1178 4214 censores,
1203 4156 1233 4202 ιιι

227 4227 463 4358 angelliorum
497 4231 548 4295 Op.
575 4243 601 4282 c.
634 4233 684 4284 llo.
709 4231 736 4284 7.
763 4241 789 4281 c·
814 4228 842 4282 3.
867 4229 964 4282 cunct·
990 4228 1017 4277 5.
1068 4225 1113 4276 Gt·
1141 4223 1236 4274 Wtest
