2886 4660
1219 311 1278 376 lbi

156 473 227 533 tem
260 465 430 534 veritates
463 464 541 534 tidei
574 467 791 549 christianae,
829 486 914 556 qnae
946 489 1123 558 personam
1153 475 1278 548 Christi

161 549 324 638 opusque
346 550 604 635 redemptionis,
626 558 684 618 ant
704 560 826 620 statum
849 556 979 621 animae
1007 556 1213 629 christianae
1244 564 1278 630 in

163 637 234 701 vita
255 635 428 719 praesenti
450 636 613 701 internum
635 636 823 704 futurumve
844 639 877 704 in
905 639 1012 706 altera
1039 644 1111 711 vita
1140 664 1278 714 concer-

162 726 264 806 nunt3
282 717 347 785 hae
371 738 469 806 porro
489 720 651 786 veritates
673 721 910 789 adumbrantur
931 735 965 789 et
984 725 1191 796 illustrantur
1211 749 1276 798 va-

164 805 225 870 riis
247 821 290 870 ex
314 804 465 886 partibus
487 823 546 888 per
567 805 687 882 verba,
709 808 915 886 sententias,
937 813 1090 897 totasque
1113 817 1276 880 narratin-

163 907 228 954 nes
250 886 287 953 S.
311 886 507 974 scripturae
529 905 590 952 ceu
622 888 759 956 totidem
787 891 890 978 signa
918 897 953 956 et
985 896 1152 978 symbola,
1189 917 1276 984 quae

167 971 367 1037 adhibentur
395 971 439 1036 ad
467 973 575 1036 instar
606 972 743 1040 alierum
776 974 1026 1044 similitudinum
1059 999 1121 1046 seu
1153 980 1276 1070 ligura·

165 1075 254 1140 rum3
276 1055 412 1140 reliquis
434 1063 545 1121 tumen
567 1055 836 1124 similitudinibus
859 1058 933 1125 ideo
953 1059 1163 1143 'truecellunt
1177 1085 1276 1150 prae-

163 1140 280 1205 sertim
304 1141 357 1205 uhi
381 1138 470 1226 plebi
492 1139 583 1205 srdeli
611 1139 650 1206 8.
680 1137 854 1228 Scriptura
880 1080 1081 1229 exprimatur,
1108 1148 1194 1234 quod
1222 1156 1276 1213 ut-

163 1231 244 1308 pote
265 1222 461 1308 Scripturae
484 1224 642 1290 divinitus
665 1225 848 1310 inspiratae
871 1235 984 1312 partes
1008 1233 1150 1314 majores
1173 1231 1276 1298 mino·

163 1327 268 1374 resve
289 1308 492 1393 singularem
514 1309 579 1375 sibi
607 1311 853 1377 venerationem
881 1311 1073 1397 vindicant3
1102 1314 1184 1382 illae
1213 1334 1276 1382 nu·

163 1399 234 1460 tem
256 1393 436 1469 veritates,
463 1413 548 1478 qnae
581 1392 645 1460 hac
673 1396 800 1461 ratione
830 1402 1054 1482 proponuntur
1083 1399 1275 1484 plerumque

164 1479 362 1562 praeclarae
383 1484 463 1542 sunt
484 1485 547 1544 cte
578 1477 905 1566 regiedilncidantur
918 1499 959 1546 ac
970 1481 1185 1567 inculcantur,
1196 1485 1226 1552 si
1256 1521 1275 1538 -

165 1580 215 1626 na
235 1579 362 1648 qnoque
382 1561 449 1627 ista
470 1561 533 1628 hau
580 1582 656 1628 raro
677 1563 849 1660 aptissima
870 1570 958 1630 sunt.
1003 1565 1070 1632 Alii
1093 1587 1190 1653 porro
1213 1506 1275 1634 Pga·

166 1653 269 1724 unm,
292 1655 323 1712 at
345 1642 383 1712 8.
410 1647 634 1734 Augustinus,
656 1647 708 1712 ubr
731 1656 830 1733 caput
853 1650 988 1731 primum
1012 1649 1190 1719 Geneseos
1211 1671 1274 1720 ex·

163 1731 307 1816 planare
327 1748 516 1819 aggressus
538 1738 608 1810 est,
630 1731 662 1796 in
686 1731 869 1818 allegorica
891 1729 929 1798 S.
952 1731 1148 1820 Scriptnrne
1170 1755 1275 1822 expo·

161 1815 286 1882 sitione
307 1815 490 1882 altissimas
511 1815 759 1901 speculationes
781 1815 948 1882 derebus
971 1815 1173 1913 dogmaticis
1197 1839 1276 1904 pro·

164 1899 696 1986 ierunt,quasi11Troctatihus
723 1900 855 1985 proprie
884 1897 1084 1987 dogmaticis
1115 1903 1172 1968 vel
1200 1903 1275 1968 nusi

164 2003 230 2049 non
251 1984 396 2051 inissent
417 1984 628 2058 interserere,
652 1981 707 2050 vel
730 1983 772 2050 ad
796 2003 881 2071 quas
903 1984 1033 2068 saltem,
1046 1984 1102 2050 ubi
1121 2005 1177 2054 res
1191 1986 1275 2072 dog·

161 2068 303 2134 maticas
325 2088 369 2135 ex
390 2067 543 2153 professo
566 2073 720 2144 tractant,
743 2087 909 2154 nunqnam
930 2068 1018 2137 forte
1040 2067 1272 2138 devenissent.

162 2151 247 2218 Usui
268 2153 383 2238 itaque
410 2152 556 2235 practico
584 2153 727 2219 maxime
755 2153 917 2222 inserviet
945 2154 1110 2243 expositio
1137 2155 1272 2222 Petrum

161 2236 298 2302 moralis
319 2244 355 2303 et
377 2236 580 2319 allegorica3
602 2236 723 2303 etenim
768 2238 888 2306 erbas
911 2258 1018 2307 mores
1041 2241 1103 2306 rite
1126 2239 1273 2308 forman-

161 2327 233 2396 tur,
254 2323 417 2388 veritates
438 2313 647 2388 sublimiores
669 2321 702 2386 in
755 2319 961 2410 .Scriptura
990 2329 1167 2391 contentae
1196 2326 1273 2412 pul·
1333 2338 1341 2353 ·

162 2421 223 2469 cre
245 2413 462 2490 exponuntur,
483 2423 547 2472 nec
569 2423 632 2470 nnn
655 2405 744 2472 aliae
763 2406 949 2487 huiusmodi
971 2407 1145 2483 veritates,
1156 2408 1272 2474 verbis

164 2487 332 2574 lactisque
352 2490 391 2556 S.
411 2488 606 2574 Scripturae
628 2488 715 2555 hunc
737 2489 770 2554 in
801 2489 896 2556 inem
924 2490 1166 2568 accomodans,
1195 2507 1274 2576 pro-

192 2579 333 2637 nanntnr
354 2579 450 2658 atque
469 2573 690 2639 illustrantur.
713 2575 745 2654 *)
790 2571 983 2639 Generatim
1005 2591 1087 2638 vero
1109 2571 1274 2657 expositio

166 2591 212 2722 8.·
232 2654 422 2737 Scripturae
442 2658 533 2723 sacta
556 2675 615 2742 per
636 2655 704 2722 88.
727 2656 845 2722 Patres
867 2656 928 2734 illi,
948 2655 1001 2722 cui
1021 2653 1164 2722 solidum
1186 2655 1274 2722 seri-

163 2759 285 2825 umque
304 2738 343 2806 8.
367 2739 561 2826 Scripturas
581 2740 726 2807 studium
748 2739 840 2808 cordi
869 2746 938 2818 est,
971 2759 1013 2808 ea
1039 2741 1170 2807 ratione
1198 2739 1274 2806 asni

161 2842 244 2922 esse
266 2825 403 2923 poterit,
427 2833 463 2890 ut
485 2823 596 2910 Opera
618 2823 686 2892 88.
709 2825 982 2924 Patrumstricte
1002 2825 1181 2926 exegetica
1203 2843 1273 2892 om·

160 2905 1273 3081 ltetlll⁸a¹ltl⁰t¹ilat?‘'utllttssltltllltllt!

160 3095 236 3143 rnen
257 3079 366 3142 omnia
394 3078 522 3164 absque
550 3077 682 3144 delectu
710 3079 931 3174 recipiantor3
961 3078 1024 3145 sed
1053 3078 1108 3144 ubi
1141 3079 1273 3160 Patres,

161 3177 239 3224 raro
261 3159 418 3227 adhibitis
441 3161 696 3229 hermenenticis
718 3179 791 3225 ven
813 3179 935 3228 sensus
948 3161 1212 3239 deductionibus,
1223 3161 1272 3248 ip·

163 3263 236 3308 snm
258 3243 430 3311 dumtaxat
451 3263 565 3312 verum
587 3265 721 3312 sensum
744 3243 922 3325 exhibent,
952 3252 1008 3310 aut
1030 3247 1129 3312 etiam
1158 3246 1273 3312 varias

165 3325 263 3392 nnius
283 3327 346 3394 loci
368 3329 661 3415 interpretationes
684 3332 842 3407 aberunt,
869 3347 912 3395 ex
935 3329 1053 3414 quihus
1073 3329 1179 3394 lector
1199 3328 1273 3406 ipse

161 3429 296 3478 sensnm
320 3414 461 3479 maxime
484 3413 634 3479 idoneum
658 3413 723 3478 sihi
747 3413 852 3478 visum
875 3413 994 3499 eligat,
1015 3410 1054 3477 8.
1075 3409 1272 3494 Scripturae

158 3494 328 3582 interpres
350 3515 503 3574 sensnm,
526 3516 622 3585 quem
644 3497 717 3580 ipse
741 3498 841 3561 l'ater
863 3504 1027 3582 tamquam
1049 3513 1164 3591 verum
1191 3511 1273 3644 pro-

158 3580 267 3666 ponit,
290 3579 405 3646 debita
426 3599 498 3647 cuum
520 3580 712 3648 reverentia
740 3581 902 3665 excipiat,
933 3599 975 3646 ac
1003 3576 1164 3645 subsidias
1215 3595 1272 3646 er-

156 3663 373 3744 mencnticis,
405 3683 492 3750 quae
527 3664 670 3731 scientia
708 3667 905 3750 exegetica,
935 3663 1042 3750 qualis
1076 3661 1174 3728 hodie
1206 3670 1273 3747 est,

157 3746 404 3827 subministrat,
427 3748 544 3814 fulciat
568 3767 609 3814 ac
629 3748 773 3826 roboret,
797 3749 853 3814 vel
877 3749 988 3826 etiam,
1009 3745 1040 3814 si
1063 3746 1194 3834 quando
1216 3767 1273 3814 sa·

157 3847 205 3896 na
226 3833 310 3898 artis
330 3831 599 3900 hermenenticae
620 3833 783 3919 principia
805 3832 839 3896 vi
868 3831 1072 3900 ineluctabili
1104 3831 1138 3898 id
1172 3848 1272 3916 prae·

157 3913 303 3994 cipiunt,
326 3934 363 3982 re
384 3923 542 3983 accurate
564 3934 731 4002 perpensa
753 3917 795 3982 ab
819 3935 858 3984 eo
880 3937 985 3985 senon
1008 3913 1184 3984 discedere
1230 3929 1270 3978 o·

159 3995 249 4063 terit.
293 4000 392 4066 Hanc
414 4009 525 4067 autem
553 4001 772 4068 reverentiam
796 4004 871 4086 jure
898 4003 961 4069 sibi
992 3999 1175 4088 deposcunt
1202 3933 1271 4062 ha-

164 4169 378 4189 ῃ

193 4261 229 4326 *)
247 4265 293 4317 ct.
311 4269 342 4318 Β.
362 4271 511 4334 hufflatta.
530 4271 613 4334 epist.
633 4271 679 4322 55.
696 4285 728 4324 ιι.
747 4273 792 4324 ll·
989 4337 1009 4397 9
1034 4328 1063 4386 ἢ
1087 4313 1089 4317 .
