2886 4660
194 325 257 394 118
328 259 332 278 Ι

194 491 343 560 lontibus
372 491 539 578 inspicere
566 487 747 558 desiderat.
791 489 830 556 la
853 489 1004 579 margine
1033 507 1130 575 parre
1159 487 1310 558 adscribi

194 577 283 646 solet
310 575 469 664 synopsis
499 574 802 662 paragrapborum,
833 591 919 661 quae
949 575 1126 640 lectionem
1151 573 1310 644 librorum

194 662 295 730 multe
318 659 556 746 expeditiorem
578 659 704 748 reddii3
726 657 869 743 deniqne
892 657 991 725 etiam
1012 659 1045 724 in
1069 658 1222 756 margine
1243 677 1309 724 au-

194 751 368 822 notantur,
389 744 495 810 sicubi
518 742 712 811 doeumenta
742 743 886 841 egregia
915 741 1106 823 dogmatica
1134 761 1207 808 srve
1235 763 1310 808 mo-

195 830 299 907 ralia,
331 829 406 896 sive
440 846 526 914 quae
562 827 604 892 ad
641 826 848 913 disciplinatu
882 825 1095 892 historiumve
1130 825 1309 894 Ecclesiae

196 913 420 1002 spectantia
444 919 537 979 textu
560 921 752 986 occurrunt:
776 911 929 982 Patribus
949 911 1025 976 dein
1048 913 1185 998 graecis
1207 909 1310 976 addi-

195 1005 232 1066 ta
254 1005 308 1066 est
329 1016 349 1063 e
370 997 511 1084 regione
534 997 645 1063 versio
674 997 796 1072 latina,
824 993 892 1059 tida
919 992 1130 1080 plerumque,
1162 995 1310 1078 elegans

196 1089 298 1168 atque
330 1079 516 1169 perspicua.
567 1080 605 1147 ln
634 1079 677 1145 iis
705 1098 785 1145 vere
817 1077 973 1144 Patribus
995 1079 1132 1166 graecis
1154 1079 1311 1156 edendis,

197 1184 334 1254 quorum
356 1165 487 1232 nonnisi
510 1163 672 1250 quaedam
696 1163 809 1230 versio
839 1163 990 1250 antiqua,
1019 1165 1091 1230 iere
1113 1163 1233 1241 latina,
1263 1165 1311 1230 ad

196 1269 260 1320 uos
283 1250 452 1337 pervenit,
474 1267 701 1335 quaecumque
724 1246 863 1335 reperiri
886 1257 1021 1334 potuere
1048 1247 1163 1330 graeci
1196 1255 1311 1316 textus

196 1340 312 1422 partes
334 1352 396 1400 seu
418 1333 609 1420 fragmenta
631 1334 729 1400 etiam
754 1332 980 1411 minutissima,
1002 1332 1150 1398 versioni
1171 1331 1228 1398 isti
1250 1331 1313 1398 ad-

198 1417 270 1484 dita
291 1425 379 1484 suni.
424 1418 556 1483 Patrum
579 1417 677 1484 eiiam
709 1435 906 1504 graecorum
938 1417 1217 1502 antiquissimam,
1248 1417 1311 1484 vel

198 1500 328 1570 omnino
351 1519 510 1568 coaevam
530 1501 666 1566 latinum
688 1505 888 1579 versionem,
910 1500 1076 1586 similique
1098 1502 1222 1568 ratione
1243 1499 1313 1566 l’a·

197 1593 284 1652 trum
307 1586 480 1652 latinorum
501 1585 689 1652 versionem
712 1603 881 1674 graecam,
903 1586 932 1650 si
956 1605 1021 1668 aaa
1041 1585 1128 1651 ferte
1142 1584 1314 1668 hujusmo-

197 1669 233 1738 di
266 1677 361 1738 extat
382 1671 416 1750 ⁴⁵)
447 1678 581 1756 praeter
609 1669 916 1755 interpretationem
949 1669 1082 1736 Patrem
1110 1687 1312 1756 graecorum

123 1759 128 1773 '
196 1755 415 1824 recentiorem
438 1755 591 1839 optimam
622 1755 827 1838 adjecerunt.
871 1753 1013 1838 insuper
1040 1753 1072 1820 in
1107 1753 1312 1820 editionibus

196 1839 498 1928 praestantissimis
522 1847 654 1924 praeter
671 1845 785 1916 betas,
807 1856 892 1924 quae
914 1838 976 1902 arti
998 1837 1132 1904 criticae
1146 1839 1313 1906 inservire

197 1915 1313 2075 ttttt¹¹‘ntltitlait¹¹‘“titii*teliiittlniltiilii

196 2029 433 2175 doctioresque
455 2053 639 2156 solvendas’
660 2027 704 2155 gx
725 2091 863 2156 historia
884 2109 984 2156 saera
1005 2097 1063 2157 aut
1086 2089 1244 2176 prolana,
1267 2109 1311 2158 ex

197 2172 415 2260 chronologia
436 2179 493 2238 aut
508 2173 721 2261 geographia
742 2174 856 2240 iacere
877 2181 1029 2260 possunt,
1050 2195 1202 2262 quaeque
1217 2177 1313 2260 ejus·

200 2256 290 2324 modi
311 2269 407 2336 suut,
430 2258 537 2323 utvel
559 2259 677 2343 paneis
700 2259 813 2324 verbis
836 2265 870 2324 et
892 2279 956 2324 nen
978 2259 1152 2326 admodum
1181 2260 1313 2345 prolixa

198 2341 408 2428 expositione
430 2341 661 2416 absolvantur,
684 2344 740 2410 vel
764 2349 798 2408 ut
819 2340 977 2410 indicatis
996 2343 1100 2410 solum
1122 2345 1197 2411 aliis
1216 2347 1313 2427 ejus·
1438 2369 1439 2432 p

199 2425 275 2493 deum
297 2427 422 2496 autoris
445 2427 527 2491 loeis
552 2425 606 2493 vel
637 2426 772 2494 alioruin
796 2427 870 2493 sive
898 2427 1059 2494 Veterum
1090 2430 1167 2494 sive
1195 2448 1314 2496 recen·

198 2513 318 2578 tioruru
341 2511 453 2592 libris,
474 2529 558 2597 quos
578 2509 683 2577 lector
704 2510 871 2591 consulat,
900 2512 1043 2579 obscura
1074 2515 1177 2580 multa
1210 2514 1313 2598 plana

199 2603 234 2663 et
268 2597 442 2684 perspicua
473 2595 673 2684 reddanturp
707 2596 886 2682 aliquando
918 2597 1017 2664 etiam
1045 2598 1078 2663 in
1112 2597 1198 2662 notis
1234 2599 1313 2664 sive

198 2680 337 2746 scholiis
358 2697 490 2745 errores
514 2679 622 2745 l‘airis
643 2689 817 2761 notantur,
848 2681 952 2747 lector
973 2699 1091 2746 seruam
1125 2681 1313 2748 doctrinam

199 2761 378 2841 edocetur,
399 2765 691 2847 interpretationes
714 2764 857 2830 locorum
880 2767 1090 2831 obscurorum
1112 2765 1165 2830 vel
1187 2763 1314 2830 dubio-
1437 2775 1438 2796 ¹

199 2867 271 2912 rum
295 2855 513 2934 apponuntur,
535 2855 593 2911 nui
615 2848 728 2912 melior
748 2849 917 2914 sententia
939 2851 1120 2915 rationibus
1138 2848 1314 2915 confirma-

199 2938 263 2997 tor.
286 2967 328 2982 -
370 2929 568 3012 Quaerere
590 2932 734 3018 longiori
757 2933 965 3017 expositione
988 2941 1045 3000 aut
1066 2933 1224 3000 historica
1247 2933 1315 3000 de·
1436 2985 1437 2994 ,

104 3031 107 3038 ’
198 3013 355 3082 ductione
377 3015 548 3102 indigent,
569 3035 609 3081 ea
631 3017 760 3090 sivein
783 3017 1054 3104 Prolegomenis,
1077 3026 1111 3086 et
1137 3017 1315 3084 Disserta-
1436 3033 1437 3047 ¹

200 3099 367 3178 tionibus,
388 3100 463 3164 sive
485 3099 518 3163 in
545 3099 830 3166 admonitionibus
854 3108 1105 3185 pertractantur.
1161 3103 1200 3168 ln
1235 3102 1313 3167 istis

198 3183 487 3263 praefationibus,
510 3183 776 3270 Proiegomenis,
800 3182 1099 3254 Dissertatieuibus
1129 3186 1209 3252 Vita
1244 3187 1314 3252 Pa·
1435 3217 1436 3228 ¹

198 3269 277 3348 tris,
298 3286 341 3335 ex
363 3267 470 3353 ipsius
492 3269 705 3352 potissimum¹
721 3265 885 3354 Operibus
907 3270 1049 3357 aliisque
1071 3271 1219 3357 probatis
1248 3289 1314 3336 ve-

198 3353 299 3420 tustis
322 3352 521 3420 Auctoribus
543 3352 685 3418 collecta
708 3351 923 3425 describitur,
944 3355 1009 3433 iia,
1037 3362 1073 3421 ut
1095 3355 1206 3421 tontes
1228 3373 1315 3420 con·

198 3439 289 3504 tineo
310 3437 514 3508 indicentur,
536 3435 636 3501 dubia
657 3443 692 3501 et
713 3437 863 3502 diftieilia
885 3437 1118 3524 expendantur
1145 3447 1180 3505 ei
1208 3457 1312 3504 accu-

199 3527 273 3588 rate
296 3520 507 3598 deliniantur,
529 3519 744 3614 chronologia
766 3521 889 3610 ligatur
911 3533 946 3587 et
967 3524 1148 3610 praecipue
1166 3520 1312 3607 Operum
1434 3505 1435 3537 ἶ

200 3605 242 3670 ab
275 3603 340 3670 isto
375 3606 476 3670 Patre
507 3604 769 3672 elucubratorum
791 3607 875 3672 ratio
904 3604 1086 3696 habeatur3
1117 3607 1313 3696 pierumque

204 3803 412 3821 -n-—n

252 3925 284 3984 *l
303 3927 350 3977 Sto
370 3931 398 3978 in
418 3930 619 3980 bionttauceoil
638 3931 765 3980 editione
780 3942 890 3993 operum
910 3935 939 3982 S·
959 3935 1105 3984 Athanasii
1124 3934 1189 3984 Vita
1202 3935 1231 3983 8.
1251 3935 1314 3984 Διι-

305 3999 375 4047 touil
398 4001 427 4049 in
451 4003 580 4050 versione
604 4003 797 4062 antiquissima
824 4003 912 4053 latina
944 4003 1058 4067 Evagrii
1090 4007 1178 4054 textui
1208 4015 1314 4067 maaca

305 4064 469 4132 subjicitura
489 4073 516 4120 in
536 4069 672 4122 valtarsii
692 4073 815 4122 editione
833 4072 1163 4136 oparoasarsronpmt
1183 4075 1258 4124 iiber
1275 4077 1313 4123 do

305 4143 376 4190 virts
395 4139 550 4192 illustribus
568 4143 650 4192 ettam
670 4144 697 4192 to
717 4147 848 4194 versione
866 4155 969 4206 graeca
988 4145 1133 4208 soporanti
1148 4141 1233 4210 juxta
1244 4149 1312 4194 iex-

304 4215 360 4266 tuur
380 4207 504 4276 ejusdem
522 4211 589 4264 ltbrt
608 4211 723 4262 tatinum
744 4215 898 4277 apponitur.
