2880 4660
1189 295 1252 359 215

130 457 220 524 teris
243 453 455 522 Testamenti
477 452 652 538 Scriptura
673 454 869 536 convenire,
891 451 1053 522 llleirsiam
1088 477 1168 526 esse
1197 461 1252 546 ip-

132 561 209 606 sum
234 539 356 616 Deum,
388 557 455 603 non
480 545 588 603 tamen
613 539 755 618 Patrem,
780 541 949 626 Deumque
986 540 1146 608 hominem
1177 543 1251 610 tac-

132 634 204 691 tum
225 631 263 690 et
284 643 329 690 ex
351 621 498 712 Virgine
521 631 631 688 uatum
654 642 744 701 esse,
766 625 872 708 ipsum
896 625 1038 708 denique
1060 635 1125 692 tam
1149 628 1249 715 ignu-

137 709 315 775 miniosam
338 716 475 772 mortem
499 709 606 772 crucis
628 708 789 790 subiisse,
823 728 894 773 curn
916 710 957 773 ab
980 714 1055 795 ipso
1078 713 1156 798 lege
1178 715 1252 778 dlo-

135 795 186 859 sis
210 792 412 858 maledictus
436 791 621 876 appelletur
644 793 759 868 omnis,
782 794 837 876 qui
861 794 983 874 pendet
1006 795 1037 858 irr
1052 795 1153 880 ligno.
1176 798 1251 863 Hos

140 876 361 942 difficultates
384 875 550 940 soluturus
573 876 828 959 primoquidem
851 878 1013 960 duplicem
1036 878 1160 944 Christi
1190 879 1252 944 ad-

141 968 278 1027 ventum
302 960 496 1026 necessario
516 959 787 1046 distinguentium
808 959 916 1028 «locet.
933 965 1071 1042 alterum
1085 969 1250 1048 tamquam

144 1043 296 1129 despecti
319 1051 354 1110 et
376 1043 547 1132 passibilis
571 1043 710 1108 hominis
728 1047 798 1126 jam
821 1045 953 1124 sactum,
975 1047 1113 1113 alterurn
1129 1048 1253 1133 glorio·

139 1151 215 1196 sum
238 1136 407 1212 mmunom
429 1127 564 1193 Judieis
588 1128 728 1193 futurum
752 1137 852 1212 atque
874 1128 1079 1196 demonstrat
1101 1150 1143 1197 ex
1173 1151 1252 1216 pro·

136 1213 255 1301 phetia
287 1210 503 1278 Patriarebue
532 1211 641 1277 Jacob
678 1213 863 1278 luculenter
898 1213 1096 1300 adimpleta,
1131 1216 1251 1284 Jesuru

137 1316 219 1363 esse
243 1297 403 1362 lllessiam
426 1314 447 1359 a
469 1296 541 1360 Deo
567 1298 777 1381 promissum:
810 1304 877 1362 tum
900 1318 920 1362 a
942 1299 1121 1384 Tryphone
1143 1301 1249 1364 inter-

139 1382 290 1468 peilatus
325 1380 460 1466 probat,
494 1381 689 1462 pracsertim
712 1401 755 1446 ex
777 1381 1002 1466 Theophuuiis
1023 1383 1159 1448 Veteris
1181 1383 1250 1448 Te·

139 1463 311 1542 stamenti,
334 1464 450 1529 Filium
474 1464 535 1529 [lei
558 1474 636 1530 unte
659 1467 766 1530 omniu
789 1477 936 1552 tempora
959 1487 1032 1534 cum
1055 1467 1127 1533 Deo
1148 1467 1249 1533 Patre

141 1551 298 1616 extitisse
319 1553 484 1633 tamquam
507 1567 621 1615 verum
646 1549 767 1628 Deum,
800 1550 908 1635 quoad
935 1571 1108 1636 personam
1139 1559 1250 1617 tamen

140 1653 164 1700 a
187 1631 288 1698 Patre
310 1631 515 1712 distinemur
540 1633 627 1699 hrrue
649 1633 790 1700 eundem
812 1651 909 1720 porro
930 1635 1111 1702 secuudum
1132 1636 1249 1700 volun·

138 1725 243 1784 tatem
264 1715 328 1788 ssei
353 1736 417 1780 nun
440 1719 596 1782 communi
619 1716 780 1782 hominum
813 1736 920 1796 mure,
953 1720 1014 1783 sed
1039 1739 1082 1784 ex
1105 1719 1248 1803 Virgine

137 1811 255 1870 uatum
277 1819 378 1875 esse,
405 1801 492 1866 sicut
513 1803 555 1866 ab
577 1803 668 1867 isaia
691 1801 857 1879 Propheta
879 1803 933 1886 tc.
955 1797 1013 1886 7.)
1046 1803 1252 1886 praedictum

138 1893 215 1971 est3
239 1885 385 1970 denique
407 1886 506 1950 etiam
530 1887 686 1961 ostendit,
709 1886 869 1951 Messium
894 1889 925 1950 in
949 1888 1043 1973 ligno
1065 1887 1174 1951 crucis
1194 1886 1252 1972 ig:-

142 1969 327 2036 nuruiuiusu
350 1987 431 2035 esse
457 1970 660 2045 moriturum,
689 1977 756 2034 tum
785 1971 817 2034 iu
845 1971 935 2057 typis
968 1971 1057 2058 legis
1080 1969 1252 2036 Musaicae

139 2054 433 2132 adnumeratum
456 2055 596 2118 maxime
618 2073 661 2120 ex
683 2054 817 2119 Psalmo
840 2058 891 2119 21.
917 2064 1049 2139 putere,
1076 2073 1173 2140 quern
1197 2060 1251 2120 tu-

136 2147 207 2205 tum
229 2139 381 2225 explieat
403 2155 511 2223 eaque
537 2142 715 2203 occasione
748 2139 848 2204 etiam
870 2139 996 2206 Christi
1028 2141 1250 2206 resurreetio-

138 2243 215 2291 nem
237 2242 259 2287 a
283 2222 455 2308 prophetia
478 2222 585 2289 tuisse
608 2222 813 2308 praedictam
835 2224 950 2310 paucis
973 2223 1099 2291 indicat
1121 2221 1184 2313 (n.
1207 2221 1251 2290 48

137 2301 295 2394 -108.].
318 2347 361 2359 -
404 2308 490 2373 Hinc
511 2308 668 2374 Justinus
690 2307 732 2375 ad
756 2309 886 2406 terpianr
908 2309 1113 2375 Judaeonrur
1136 2309 1251 2392 ubjec-

137 2393 265 2472 tiunem
287 2392 421 2471 transit,
449 2411 553 2476 quare
575 2393 707 2457 scilicet
728 2389 910 2458 Christiani
932 2413 953 2459 u
973 2393 1162 2460 Gentilibus
1185 2411 1250 2455 non

141 2484 360 2560 separentur3
391 2493 530 2560 eamque
555 2475 698 2541 destruit
719 2475 914 2551 ostendens,
936 2482 1032 2560 prout
1044 2477 1151 2540 Jesus
1174 2493 1251 2558 pru-

140 2561 269 2626 missus
290 2561 432 2626 ltlcssias
453 2563 499 2626 sit
521 2569 558 2626 et
579 2559 739 2626 Salvator
760 2559 890 2637 mundi,
919 2561 966 2623 ita
986 2575 1065 2632 eus,
1099 2557 1153 2638 uui
1176 2577 1251 2620 cre-

146 2644 233 2708 dunt
253 2644 285 2706 in
307 2643 418 2723 illum,
447 2643 613 2711 haeredes
636 2643 876 2729 promissue'in
906 2643 965 2709 illo
998 2641 1251 2718 benedictionis,

138 2747 256 2794 verum
278 2727 480 2811 spiritualem
492 2729 613 2808 lsrael,
634 2747 675 2794 ac
690 2726 852 2826 ,pupulum
867 2723 930 2793 Dei
952 2745 1043 2806 esse,
1065 2726 1118 2824 ud·
1133 2745 1250 2810 quum-

137 2831 271 2974 llllll?
293 2813 583 2981 tiltldtlttl
599 2811 952 2985 tttllfftlngdll
971 2810 1249 2979 lh‘h'hlh

140 2987 329 3064 peractam,
358 2983 560 3068 Novumque
586 2982 838 3048 Testamentum
868 3001 933 3049 nou
956 2983 998 3048 ad
1023 3000 1120 3047 unum
1143 2999 1250 3063 popu-

138 3065 220 3142 lum,
242 3064 304 3130 sed
329 3065 372 3130 ad
397 3085 511 3134 omues
533 3075 657 3154 gentes
680 3067 828 3146 extendi,
850 3086 986 3152 quarum
1007 3065 1083 3132 ideo
1105 3083 1249 3130 conver-

138 3150 191 3212 sio
215 3151 423 3233 et'adoptio,
451 3157 486 3217 et
506 3151 711 3218 Judaeurum
733 3169 776 3215 ex
799 3157 893 3234 parte
914 3151 1034 3214 saltem
1060 3149 1248 3234 reprobatio

142 3231 263 3297 dudum
286 3253 306 3298 u
333 3233 505 3320 prophetis
536 3234 708 3318 praedicta
738 3233 853 3318 luerit,
885 3233 1005 3298 abhinc
1034 3251 1163 3310 omues,
1193 3231 1249 3316 qui

140 3317 175 3380 in
198 3315 363 3383 Christum
386 3317 604 3396 crediderint,
621 3322 718 3402 juxta
739 3317 899 3384 vaticinia
921 3315 1152 3401 prophetarum
1186 3333 1247 3378 no-

139 3418 217 3465 vum
239 3402 394 3487 populum
422 3423 516 3484 esse,
538 3401 684 3469 Judaico
713 3403 816 3490 lunge
846 3402 1140 3486 praestantiorem,
1169 3415 1248 3462 eos-

137 3483 213 3551 dem
237 3489 362 3572 pariter
382 3507 588 3554 numerosum
612 3508 722 3575 genus
745 3484 1001 3565 esse,dbrahae
1024 3485 1160 3568 ejusque
1183 3480 1248 3548 lilio

136 3574 172 3636 et
193 3572 308 3654 nepoti
332 3574 537 3655 promissum,
560 3571 637 3638 hine
661 3571 759 3636 etiam
783 3569 1047 3635 benedictionem
1069 3568 1101 3630 in
1121 3565 1247 3634 semiue

136 3654 298 3720 Abrahae
320 3655 367 3745 (i,
389 3676 418 3722 e.
442 3652 601 3742 christo)
625 3658 820 3742 promissam
845 3674 908 3719 nou
938 3652 979 3717 ad
1005 3651 1154 3718 Judrreos
1188 3669 1248 3716 eo-

135 3758 254 3803 rumve
278 3742 488 3824 prusclytus,
521 3741 581 3806 sed
607 3740 650 3805 ad
673 3739 881 3805 Christianos
904 3745 1076 3822 spectare,
1099 3737 1152 3822 qui
1175 3738 1249 3801 ueri

134 3829 217 3886 sunt
238 3823 418 3890 israelitae
440 3833 474 3891 et
496 3825 553 3890 tilii
576 3825 655 3901 liei,
685 3831 720 3890 et
741 3825 909 3890 laetantur
940 3843 1012 3889 eum
1043 3821 1163 3908 populo
1185 3819 1249 3885 Ilei

133 3907 290 3992 antiquo,
313 3914 349 3972 ut
372 3908 554 3994 prophetae
577 3907 829 3994 praedixerunt,
852 3927 893 3974 uc
915 3907 1125 3974 vocatiouem
1153 3923 1248 3970 suam

135 4011 262 4058 morum
283 3993 465 4059 sanctitate
487 3996 710 4077 comprobant,
734 4012 807 4058 curu
830 3991 955 4059 dodaci
971 4005 1248 4080 summasemper

132 4075 308 4160 impietate
322 4075 431 4146 Deum
452 4078 650 4144 offenderint
672 4077 847 4162 adhucque
869 4076 1051 4150 nuendum,
1073 4075 1128 4156 qui
1150 4073 1250 4133 ‹tenr-

133 4177 200 4242 que
221 4161 421 4245 promissam
444 4163 564 4248 pupulo
583 4162 646 4227 liei
670 4161 906 4227 haereditatem
930 4168 1102 4225 aeternam
1124 4169 1249 4234 aecep-

134 4241 201 4310 turi
221 4250 304 4313 sunt
326 4241 383 4336 [a.
406 4239 623 4331 loo-140.l.
646 4245 773 4313 Addita
804 4245 932 4312 demum
955 4235 1183 4309 exhortatione
1206 4232 1249 4298 ud
