2866 4652
216 279 259 343 28

300 443 344 532 3)
369 447 572 532 Agnosct’adi
591 455 664 510 susat
699 457 851 530 trraqacm
887 442 950 510 SS.
977 443 1090 510 Patras
1111 443 1151 508 ud
1177 441 1329 509 Ecclesia
1422 449 1423 500 1

216 533 411 611 approbati,
444 533 498 615 posi
527 531 562 592 ia
586 529 826 614 Mnrlpralogia
849 527 991 592 Enniano
1022 528 1224 592 estimationi
1235 527 1330 604 fide·

219 617 296 678 linos
324 624 552 698 proponantur
588 636 645 678 cen
679 613 884 692 ,‚snssctilate
914 622 943 675 et
972 611 1121 674 doctrina
1150 613 1330 695 insignes.“

217 697 291 764 Hos
314 718 400 766 eorm
424 719 488 765 non
512 698 670 764 Ecclesia
689 697 796 764 solum
818 697 969 762 llornnna
991 695 1139 777 recepit,
1175 697 1238 762 sed
1269 697 1329 764 iis·
1422 759 1423 762 ,

126 787 129 794 ’
221 781 296 848 deor
318 783 596 850 universissimo!
618 782 775 848 Ecclesia
795 777 968 848 Catholico
989 781 1216 865 suffragatur,
1237 784 1341 850 scili.
1422 833 1423 870 ,

136 905 140 914 ·
218 873 271 932 cet
304 865 481 934 Ecclesiae
510 867 687 951 dispersae
716 882 1024 960 corrscnsus,·cum
1050 861 1328 952 Martyrologium

219 951 328 1030 istud,
350 951 380 1018 si
405 970 529 1036 paucas
551 952 713 1036 quasdam
736 949 904 1035 excipias,
929 968 960 1014 ro
983 949 1136 1014 omuibus
1159 949 1250 1018 orbis
1270 973 1328 1030 ec·
1422 959 1423 1008 1

218 1033 333 1102 clesiis
356 1037 570 1114 urlhilteutur,
600 1035 752 1120 adeoque
775 1035 956 1118 scriptores
979 1031 1054 1113 isti,
1076 1034 1129 1118 qui
1153 1033 1199 1099 ibi
1221 1037 1328 1120 publi-

151 1173 154 1180 .
217 1138 257 1186 cc
280 1125 436 1204 anquam
458 1120 668 1204 „sanctitate
690 1127 724 1185 et
747 1117 898 1184 doctrina
918 1117 1100 1205 iusigncs“
1132 1121 1329 1202 praedican-

216 1207 279 1278 tur,
303 1203 456 1271 fidelibus
479 1205 600 1288 ubique
623 1222 685 1270 ceu
708 1203 811 1270 duces
832 1204 868 1270 io
890 1203 947 1269 via
968 1200 1089 1270 salotis
1112 1209 1146 1267 et
1173 1204 1329 1294 magistri
1422 1261 1423 1276 ,

217 1285 392 1354 orthodoxi
422 1287 699 1354 commendentur.
754 1287 830 1356 Non
858 1292 967 1354 autem
995 1286 1140 1370 sufficit,
1170 1288 1328 1386 siquem
1422 1283 1423 1370 l

216 1377 384 1438 auctorem
417 1373 696 1458 Martyrologium
730 1371 812 1437 illud
843 1373 932 1442 inter
952 1369 1100 1440 Seruatus
1131 1371 1329 1456 simpliciter
1422 1391 1423 1434 r

127 1449 132 1462 ’
218 1454 364 1536 referat,
393 1459 488 1541 cujus
516 1456 616 1522 etiarn
638 1457 764 1541 scripte
786 1456 949 1542 quaedam
970 1454 1070 1523 hodic
1098 1462 1235 1540 extant,
1262 1459 1326 1526 uisi
1422 1499 1423 1546 3

217 1557 290 1604 eum
314 1539 450 1607 disertis
474 1540 586 1608 verbis
608 1559 631 1606 a
653 1540 803 1607 doctrino
824 1559 955 1627 quoquc
978 1539 1194 1608 commendet
1422 1605 1423 1608 ,

296 1627 337 1704 4)
360 1623 484 1688 Merito
518 1647 638 1724 quoquae
667 1623 732 1690 88.
764 1625 917 1690 Patribus
944 1626 986 1688 ol
1014 1623 1165 1690 Ecclesia
1204 1649 1327 1710 appra-

213 1705 298 1770 dotis
319 1719 527 1772 accensentur
548 1709 592 1783 is,
615 1730 746 1793 pecorina
769 1710 896 1792 scripta
920 1710 996 1772 olion
1015 1711 1146 1792 prrsdlicc
1166 1711 1202 1772 ia
1221 1713 1325 1776 sacris

214 1790 415 1855 coercentibus
434 1803 507 1874 prust
526 1793 560 1857 S.
578 1793 785 1876 Scriptorum
807 1794 875 1876 legi
895 1815 1091 1870 consuevere,
1114 1793 1325 1861 donecCou·
1422 1841 1423 1848 1

212 1872 321 1940 cilium
360 1875 588 1944 Laodicenum
629 1875 790 2018 eiusmodi
828 1877 1099 1944 consuetudinem
1136 1882 1322 1965 generatim

212 1957 443 2046 abrogandum
472 1960 613 2027 censuit.
666 1963 679 2037 )
730 1959 769 2026 ld
794 1961 879 2046 quod
903 1981 957 2026 cx.
979 1981 1032 2050 gr.
1056 1969 1189 2028 constat
1218 1963 1260 2030 de
1282 1963 1323 2030 S.

213 2037 388 2110 Clemente
410 2045 577 2122 Romano,
599 2041 672 2118 aa)
695 2043 738 2110 de
758 2041 797 2112 S.
822 2045 1008 2131 Polycarpo
1029 2041 1133 2118 W)
1156 2047 1256 2114 etde
1278 2047 1318 2114 S.

123 2135 125 2142 '
211 2123 378 2208 Ephraem
400 2127 500 2211 Syro.
531 2115 590 2227 †)
647 2127 739 2194 Idem

210 2208 336 2292 scripta
358 2209 542 2308 adhucdum
563 2233 597 2280 ro
619 2207 737 2280 officio
761 2130 1007 2281 EEEEEEEE
1026 2129 1321 2303 stagirisszlefflorgg

211 2310 263 2379 gr.
286 2291 325 2359 S.
348 2294 481 2362 lrcoaer
503 2299 574 2372 (14.
596 2295 681 2364 Dec.
703 2297 799 2365 [rect.
823 2301 884 2372 6.).

296 2380 333 2452 5)
368 2379 514 2464 Denipae
551 2383 637 2446 inter
674 2379 737 2448 88.
772 2382 885 2446 Patres
914 2381 955 2445 ab
981 2384 1054 2466 ipsa
1083 2382 1232 2448 Ecclesia
1258 2407 1322 2468 ap-

206 2460 361 2542 probatos
385 2465 466 2547 possi
494 2475 671 2540 merentur,
687 2466 758 2550 ,posi
786 2466 826 2530 cl
853 2465 976 2551 leucippi
996 2467 1129 2550 posadum
1152 2466 1323 2532 Ecclesiae

210 2541 324 2622 Patre,
355 2570 443 2632 qrseas
470 2558 540 2614 tola
570 2571 693 2636 sempter
720 2559 750 2614 et
780 2551 895 2636 ndiqsse
915 2561 1068 2616 cesses-ota
1090 2561 1135 2615 est
1158 2549 1322 2625 Ecclesia,

209 2625 245 2688 ia
277 2631 502 2714 disquisitione
541 2634 725 2715 dogmatica
767 2633 832 2698 SS.
860 2633 997 2698 Petram
1035 2634 1160 2698 scamina
1192 2637 1322 2717 prolati

208 2721 298 2787 ssent,
331 2722 366 2774 nt
398 2732 440 2775 esc
467 2736 574 2778 eorssm
602 2717 751 2780 doctrino
772 2715 945 2782 Ecclesiae
965 2719 1114 2782 doctrina
1133 2717 1320 2802 patelierel.

208 2789 343 2858 Debent
365 2811 449 2880 ergo
471 2795 634 2880 eiusmodi
656 2795 857 2882 Scriptores,
880 2807 915 2866 ut
938 2819 1059 2868 revera
1080 2821 1140 2890 pro
1163 2803 1320 2870 Patribus

208 2873 324 2941 haberi
346 2879 493 2960 possint,
523 2881 565 2946 ab
588 2883 712 2968 insigni
733 2883 904 2946 Ecclesiae
925 2885 1024 2948 Patre
1047 2888 1203 2972 proferri,
1230 2887 1320 2954 unde

207 2972 262 3053 ea·
285 2980 338 3046 gr.
361 2959 616 3042 Theodorctus,
654 2967 708 3063 qui
742 2965 818 3050 ipsc
850 2965 919 3036 88.
941 2967 1075 3052 Battum
1099 2971 1177 3039 albo
1199 2970 1317 3038 exclu-

208 3039 314 3122 drtur,
338 3044 413 3112 lude
435 3046 615 3117 conditioni
639 3051 768 3118 minime
799 3052 1002 3120 satisfacere
1036 3061 1165 3142 potest,
1194 3053 1317 3122 delient

207 3144 304 3226 porro
337 3135 492 3216 tanquam
527 3133 591 3197 SS.
628 3135 740 3199 l'utres
759 3135 921 3222 allegari,
948 3138 1037 3204 unde
1058 3159 1113 3205 ex.
1134 3161 1187 3228 gr.
1210 3140 1316 3224 pluri-

205 3229 270 3291 nu,
299 3214 355 3299 qni
385 3215 473 3298 apud
496 3215 533 3285 8.
559 3216 795 3302 Hieronymum
815 3227 990 3288 occurrunt
1010 3223 1140 3309 amque
1161 3229 1318 3290 accurata

206 3293 500 3382 determinatione,
534 3301 621 3366 inter
648 3301 818 3390 simplices
846 3303 1037 3394 Scriptores
1064 3307 1318 3375 ecclesiasticos

206 3381 262 3448 vel
285 3379 496 3456 Christianos
517 3385 627 3473 potius
654 3385 823 3456 referendi
851 3398 950 3472 sunt,
982 3409 1079 3476 quam
1111 3391 1145 3456 in
1166 3392 1315 3458 ordinem

205 3455 274 3536 88.Ὶ
312 3467 448 3542 Patrem
481 3467 669 3560 coaptandi.
701 3455 796 3560 ill
860 3473 935 3544 Nisi
974 3474 1089 3563 itaque
1116 3477 1218 3544 Potor
1248 3476 1316 3556 itte,

212 3666 420 3695 *Qu—.-

257 3781 284 3843 ·)
303 3785 408 3840 cancro
430 3791 579 3844 Laodicen.
600 3807 625 3845 c.
647 3791 691 3845 59.

238 3875 1314 3956 WssmomtmmdsswdEEfflmwmoenfflssmw

286 3956 823 4014 ·affi½mmmmoewss&

220 4043 275 4114 m)
294 4053 323 4102 Ι.
342 4055 458 4106 litoreo.
478 4058 498 4109 l·
517 4069 544 4108 c·
563 4069 589 4106 c.
612 4059 655 4111 17.

255 4143 287 4208 †)
305 4152 334 4199 S·
354 4152 469 4201 Hieron.
488 4154 509 4203 1.
530 4165 555 4204 c.
575 4166 601 4204 c·
623 4153 685 4205 115.

237 4241 288 4306 ll)
309 4249 373 4300 vid.
393 4251 514 4312 exempli
533 4251 665 4301 sarisas.
684 4253 848 4313 ureronynn
868 4264 914 4316 cp.
935 4255 995 4306 119.
1021 4257 1194 4318 prraescrtior.
1221 4261 1250 4306 u.
1273 4258 1315 4306 11,
