2886 4660
1161 289 1223 355 iii

120 455 199 522 inter
221 451 439 520 Acetbolieos
461 445 609 518 nonnulli
632 451 727 536 bnjiis
750 455 887 545 generis
905 451 1017 542 (iperii
1040 463 1224 528 incineret!

120 541 218 622 digne
239 538 470 604 coniecerunt.
514 536 567 602 Ex
594 537 646 602 iiis
668 540 771 624 primo
791 541 865 604 loeo
888 537 1032 606 bobendi
1054 552 1131 608 sunt
1154 541 1223 608 Cu·

119 625 186 688 siin.
206 619 336 702 botin,
363 621 475 687 coetui
497 621 761 688 lieforrnaioriini
791 623 964 703 addictus,
995 623 1083 690 Guil.
1114 625 1221 704 Cave,

120 726 209 773 sacra
225 706 417 793 anglicana
439 713 600 792 sequutus
621 713 656 772 et
677 707 712 771 J.
737 709 778 773 Α.
800 709 975 776 Fabricius
997 707 1221 776 Luiberunue.

121 788 221 858 buain
242 790 482 878 amplissimam
501 789 609 856 edidit
630 793 897 858 coininenturiuin
922 793 965 859 de
987 795 1133 879 antiquis
1154 795 1224 861 Ec·

123 876 240 941 clesiue
258 874 491 959 scriptoribus
512 873 708 962 illorumque
728 877 863 964 scriptis
893 877 936 943 ad
967 895 1090 942 ennuin
1117 896 1225 966 usque

126 962 217 1036 iiio,
237 977 310 1025 cuin
333 959 446 1024 inuitis
471 958 788 1041 Dissertationibus,
810 963 843 1026 in
866 963 984 1045 quibus
1007 963 1224 1050 insigniorum

123 1043 289 1110 Ecclesine
311 1050 484 1108 auctorum
506 1043 664 1128 opuscula
686 1051 787 1132 atque
808 1046 875 1110 elia
899 1055 1100 1132 orgiimenia
1126 1055 1226 1114 uota-

124 1129 230 1194 biliora
249 1127 495 1195 examinantur.
520 1131 553 1198 ‘i
603 1127 726 1193 Verani
749 1129 779 1194 is
801 1137 914 1212 utpute
937 1127 1119 1198 monachus
1141 1151 1161 1198 a
1186 1151 1227 1198 o·

123 1220 220 1290 stata,
248 1214 516 1300 quotiescunque
538 1214 672 1277 occasio
697 1213 777 1290 lert,
805 1214 902 1280 nimis
924 1217 1079 1282 acerbum
1101 1215 1134 1282 iii
1157 1153 1227 1284 Εε-

123 1299 242 1364 elesino
260 1295 459 1364 Cotbobcae
481 1295 633 1362 instituta
655 1296 796 1362 animuin
818 1298 946 1384 prodit,
968 1297 1121 1386 uticeque
1140 1317 1226 1367 non·

125 1383 183 1446 nisi
208 1391 303 1449 ceute
334 1381 503 1469 legendus
530 1388 600 1465 cst3
629 1380 715 1446 ideni
739 1400 904 1468 persaepe
926 1384 1010 1449 alios
1031 1385 1226 1452 exscribere

125 1466 221 1542 solet,
245 1485 308 1532 nec
340 1469 442 1532 citato
472 1473 620 1541 audere,
649 1483 711 1532 nec
731 1467 870 1533 verbulo
893 1467 1019 1533 eddiio.
1076 1469 1115 1533 ti.
1143 1471 1226 1532 Caio

126 1557 250 1635 praeter
273 1551 343 1618 alia
370 1551 467 1636 plura
497 1549 560 1614 linc
582 1551 771 1635 spectantia
793 1547 904 1636 Opera
932 1552 1141 1620 elucubravit
1162 1553 1222 1620 iii-

127 1637 251 1700 storiam
278 1635 461 1702 literarium
492 1631 696 1719 Scriptorum
719 1634 1052 1713 Ecclesiasticoruin,
1087 1656 1155 1720 qua
1184 1638 1227 1704 de

126 1721 338 1786 vitelliorum
362 1736 403 1783 ac
425 1717 525 1784 rebus
548 1719 668 1806 gestis,
691 1718 734 1783 de
756 1720 891 1803 scriptis
913 1721 1082 1805 genuinis,
1103 1720 1225 1794 dubiis,

125 1805 327 1890 suppositiis,
352 1803 499 1882 ineditis,
521 1801 721 1888 deperditis,
743 1803 971 1888 Fragmeutis,
993 1802 1102 1889 deque
1123 1805 1228 1870 variis

128 1882 258 1973 Operam
278 1887 484 1956 editionibus
505 1888 678 1953 siiccincio
701 1895 736 1953 et
764 1887 942 1974 perspicue
965 1888 1064 1972 juria
1092 1887 1229 2038 sinque

127 1973 320 2040 circuiunt
344 1991 375 2037 ie
398 1989 505 2057 usque
529 1971 611 2036 iiii
633 1971 829 2056 epitecti)
874 1971 1011 2038 Domino
1033 1971 1068 2038 J.
1093 1973 1135 2038 Α.
1187 1991 1228 2038 a-

128 2055 240 2123 bricius
261 2057 294 2123 in
317 2056 439 2142 triplici
460 2073 523 2122 suu
545 2055 769 2131 Bibliotheca,
791 2055 865 2122 scil.
889 2055 1100 2124 Bibliotheca
1122 2074 1228 2146 gree·

128 2157 179 2216 cn,
209 2139 419 2208 Bibliotheca
447 2140 548 2206 latinu
575 2147 610 2204 ot
635 2140 844 2208 Bibliotheca
873 2141 1004 2208 inediae
1033 2146 1068 2208 et
1095 2141 1228 2210 intimas

127 2223 315 2308 latinitatis,
335 2227 410 2300 m)
434 2225 629 2292 vastissima
651 2224 833 2293 seruditione
855 2227 989 2292 aralium
1007 2227 1130 2310 juvare
1151 2235 1227 2314 pot·

132 2427 335 2444 w

220 2567 336 2618 'diolunl
358 2566 431 2621 183⁰.
449 2569 515 2620 Vol.
534 2569 575 2630 10,
595 2577 647 2633 quii
665 2578 760 2618 norunt
780 2570 920 2630 tempora,
947 2567 1006 2618 vitii
1024 2561 1183 2630 (breviter,
1201 2569 1231 2618 nt

233 2637 399 2702 eleganter),
417 2638 505 2700 opere
524 2642 592 2698 iuon
612 2647 703 2688 iiiioen
723 2642 814 2689 omnia
833 2645 862 2688 et
879 2639 984 2702 absque
1002 2638 1061 2690 ullo
1079 2649 1229 2702 unguineu-

231 2710 268 2764 ti,
286 2712 454 2771 occasionis,
472 2714 548 2771 scopi
568 2715 623 2760 etc.
645 2706 770 2770 iudicio),
789 2705 906 2771 (iperurn
926 2707 1046 2774 denique
1062 2710 1229 2774 praecipuas

230 2777 364 2830 editiones
383 2785 412 2830 et
430 2783 573 2830 versiones
593 2781 718 2830 Gallicae
737 2781 912 2831 exhibentur.

175 2872 203 2930 'i
220 2873 280 2926 Ges.
300 2878 402 2929 (ladini
421 2877 639 2929 Commentarius
663 2879 698 2928 de
721 2879 908 2940 scriptoribus
935 2873 1080 2930 liccleslae
1105 2879 1231 2942 antiquie

230 2947 394 3014 illorumque
410 2952 524 3011 scriptis
544 2959 598 2998 erc.
634 2947 748 3010 Lipsius
770 2945 847 3000 ilii.
883 2947 921 2998 iti
940 2946 1016 2999 voit.
1037 2949 1086 2998 tul.

169 3033 212 3098 ”i
228 3041 453 3166 πιιιὶυοιθροτιὲἑ
485 3045 519 3167 θ’.
539 3045 630 3166 cavq,
653 3047 826 3165 {ioriptoruqq
838 3048 1096 3170 qqgqutqsqcoqquiq
1109 3047 1231 3166 qllsioqqii

262 3129 364 3174 erarii,
402 3129 417 3165 ii
492 3129 587 3166 rurum
618 3127 801 3166 ucmasex
885 3127 949 3166 nn
1052 3129 1130 3167 .o.
1167 3128 1183 3166 e
1216 3145 1231 3156 -

231 3187 268 3234 tio
285 3129 509 3249 opiinnqpronli'ii
527 3186 625 3236 oxonii
648 3129 794 3238 libb-fla.
825 3185 850 3234 ll
870 3185 945 3233 Vnil.
962 3185 1014 3235 tol.
1034 3148 1231 3237 renuns'liiisi·

231 3254 289 3306 leuc
310 3253 460 3309 iiti-te.
492 3258 517 3306 ll
535 3255 610 3305 voli.
630 3257 678 3305 iol.
716 3256 761 3306 ct.
781 3257 815 3306 do
837 3256 885 3304 boo
903 3259 932 3302 et
950 3255 1016 3304 aliis
1033 3249 1157 3316 ejusden
1175 3255 1232 3305 cs-

230 3329 273 3375 rei
291 3328 422 3387 operibus
441 3327 494 3376 buc
511 3329 700 3388 spectantibus
717 3328 743 3378 J.
763 3325 798 3376 ii.
819 3325 919 3374 Walcb
936 3317 1070 3374 Biblioib.
1089 3317 1230 3374 Petristlc.

227 3406 253 3456 p·
272 3394 372 3448 9-10.
410 3399 579 3452 Acerrimum
605 3398 639 3444 de
665 3395 818 3446 illuceret
843 3395 933 3457 opere
952 3396 1040 3445 crisin
1058 3394 1124 3444 tulit
1140 3393 1234 3445 oudin

227 3469 256 3517 in
274 3466 461 3517 donnoniae.
481 3471 524 3517 eiii
543 3468 619 3516 'lom-
641 3468 662 3515 Ι.
682 3471 710 3516 in
729 3469 899 3528 Argumenio
917 3467 952 3516 de
970 3467 1140 3516 necessitate
1158 3462 1232 3527 ope-

227 3541 267 3586 ris
285 3539 331 3586 siit
352 3539 454 3587 ibidem
474 3539 632 3599 praemisse.
968 3533 974 3544 '

142 3625 251 3690 mli.
270 3637 307 3684 Δ.
327 3635 440 3685 liebrioi
460 3635 633 3686 bibliotheca
647 3633 763 3684 tisiaco.
799 3633 947 3696 llnmborgi
979 3630 1127 3685 iiis-iii.
1163 3633 1232 3686 xlv

227 3704 303 3755 Voll.
324 3707 352 3756 in
371 3701 428 3756 tin.
467 3706 557 3757 iiditin
576 3709 681 3768 optinui
706 3705 838 3764 (moltura
864 3707 974 3769 quidein
993 3705 1090 3768 anob,
1117 3707 1162 3755 est
1178 3717 1232 3756 non

227 3773 386 3838 complete)
406 3789 466 3827 nur·
486 3777 520 3826 θ.
540 3775 571 3826 G.
591 3777 697 3825 liarlee.
730 3777 783 3826 xil
801 3775 876 3824 Voti.
897 3779 924 3824 ln
943 3769 1002 3822 iio.
1044 3775 1142 3826 liunib·
1163 3772 1233 3830 1⁷90

228 3843 346 3898 -18090
384 3849 510 3896 addatur
529 3847 614 3895 index
627 3847 661 3914 ,in
678 3845 707 3895 J.
728 3845 762 3896 Δ.
782 3845 968 3896 bibliothecae
992 3853 1111 3907 aunone
1130 3847 1233 3895 sditio-

228 3927 293 3968 nein
312 3918 347 3966 G.
359 3916 391 3968 c.
407 3918 540 3967 Harlesii.
561 3915 671 3977 bipaiae
691 3913 759 3966 1838
779 3918 808 3965 ln
826 3911 883 3966 tio.
909 3908 998 3976 liujus
1016 3915 1146 3968 editionis
1160 3917 1233 3966 ller-

228 3987 283 4036 ion·
303 3986 366 4036 Vol.
383 3987 434 4038 iv.
454 3987 517 4035 vll.
537 3986 611 4034 vili.
632 3987 681 4036 iii.
701 3992 730 4036 ct
748 3987 783 4036 x.
805 3987 980 4049 Patrologiae
997 3990 1167 4047 potissimum
1187 3987 1234 4033 in-

229 4059 369 4107 servient·
398 4079 429 4094 -·
468 4057 494 4107 J.
520 4059 556 4107 Δ.
581 4057 705 4106 b'abrieii
730 4057 901 4106 lilbliotbece
935 4057 1024 4108 latina
1046 4061 1108 4107 sire
1133 4054 1234 4104 uotitis

135 4121 140 4130 '
230 4133 371 4177 auctorent
390 4129 517 4178 veterion
536 4128 695 4177 latinorum.
722 4127 852 4177 venetiis
873 4123 951 4182 1728·
991 4127 1112 4178 ll'l'onii
1130 4125 1158 4172 in
1177 4117 1233 4171 dio·

231 4197 259 4246 J.
277 4200 312 4247 Α.
326 4199 449 4248 Fabricii
475 4198 646 4247 bibliothece
666 4195 754 4246 letina
772 4199 879 4247 inediae
900 4201 929 4246 et
947 4191 1056 4246 intenae
1074 4192 1235 4252 latinitatis,

233 4267 309 4318 uita
326 4267 632 4320 correctioninis.
652 4265 763 4317 Putavit
784 4261 859 4319 tibt.
888 4267 968 4315 Turni
990 4265 1026 4314 vi
1044 4265 1073 4311 in
1090 4255 1145 4309 iio
1180 4259 1238 4311 lloe

1005 4351 1092 4419 82:
