2886 4660
116 549 255 598 summa
276 525 434 596 carutioue
458 527 627 606 utendum,
657 547 699 594 ue
722 529 884 596 calculum
908 531 1048 616 aliquem
1066 533 1240 604 euronotu-

116 616 236 700 gieum
272 614 380 678 minus
411 620 537 678 certunr
569 618 627 676 aut
662 613 768 680 sotum
806 614 1022 682 verosimitern
1050 636 1238 704 sequamur,

115 705 241 782 sicque
264 697 352 762 falsa
376 695 552 780 hypothesi
576 693 706 781 decepti
720 694 814 781 Opus
838 697 970 784 aliquod
989 706 1142 787 tauquam
1160 725 1238 789 spu·

119 784 206 848 rium
230 781 507 853 condemnemuar
530 781 653 866 pariter
675 801 884 869 summopere
906 787 1107 856 cavendum.
1131 806 1173 853 ne
1196 797 1238 854 otr

116 871 285 954 exiguam
305 863 489 949 quampiam
512 863 591 948 styli
617 863 845 932 diversitatem
869 873 971 933 totum
1001 877 1111 936 statun
1143 869 1235 960 Opus

119 951 348 1037 repudiemus.
370 949 404 1024 *)

213 1055 261 1151 4]
282 1059 438 1142 Denique
459 1058 662 1144 antiquorum
686 1067 853 1126 arrrtoruur
876 1058 1064 1128 testimonia
1084 1065 1115 1128 in
1128 1067 1240 1132 subsi-

119 1145 213 1212 dium
238 1144 350 1212 vocari
373 1145 507 1216 debent,
529 1162 572 1208 ex
595 1145 713 1226 quibus
729 1141 848 1226 Operis
864 1147 1035 1228 eujusdam
1053 1168 1152 1214 verus
1166 1171 1240 1216 auc·

120 1241 176 1294 tor
201 1231 328 1296 certius
350 1227 457 1293 adhuc
480 1227 551 1290 erui
575 1235 700 1310 potest,
729 1231 923 1314 praesertim
944 1232 974 1296 si
999 1231 1075 1294 inde
1106 1255 1126 1296 a
1156 1234 1238 1302 titrro

119 1315 218 1380 edito
240 1313 396 1378 contiuua
418 1311 490 1376 iere
514 1310 602 1376 adsit
623 1314 731 1376 series
751 1313 895 1392 testium,
918 1314 1032 1380 tibrum
1057 1317 1147 1384 illum
1164 1338 1240 1386 cer·

120 1407 155 1464 to
178 1397 314 1464 cuidam
335 1397 463 1462 auctori
487 1394 733 1461 vindicantium.
756 1397 809 1474 ¹⁸³⁶)

214 1510 253 1574 Si
275 1507 483 1573 conditiones
506 1507 593 1570 istae
617 1505 712 1570 simut
735 1515 927 1583 occurrant,
961 1508 1003 1573 ad
1029 1511 1160 1596 ptenanr
1196 1511 1239 1578 da

123 1589 397 1678 auctorettperis
419 1591 591 1673 eujusdam
616 1591 843 1657 certitudinem
869 1598 1045 1676 peruenire
1076 1597 1236 1661 vatemus.

121 1677 335 1761 Quapropter
356 1677 387 1740 si
408 1674 570 1761 quaedam
594 1677 815 1760 manrrscripta
848 1679 1091 1744 existimatione
1120 1681 1238 1766 digua,

118 1779 235 1848 eaque
255 1761 416 1846 inprimis,
439 1777 525 1845 quue
547 1761 657 1844 magis
680 1762 807 1824 auctori
830 1779 956 1826 enaera
978 1780 1057 1826 esse
1071 1762 1237 1842 ridentur,

119 1848 155 1911 iu
180 1845 305 1924 fronte,
327 1844 383 1910 rel
405 1845 504 1909 etiam
526 1843 560 1908 in
581 1845 675 1908 catee
698 1846 808 1926 operis
830 1863 947 1909 nomeu
964 1848 1045 1908 certi
1068 1847 1239 1928 cujusdam

120 1930 273 1996 auctoris
294 1936 431 2017 gerant,
444 1929 546 2014 prima
570 1947 665 1992 mauu
688 1931 865 2011 adjectum,
887 1928 963 2013 quin
988 1929 1087 1992 uttrun
1111 1939 1240 1996 eontra·

120 2015 239 2102 dicat3
271 2017 301 2080 si
321 2013 433 2097 stylus
464 2012 561 2076 irrerit
591 2013 710 2094 utrique
740 2012 917 2076 conformis
945 2014 1034 2094 stptn
1057 2023 1238 2082 ceterorum

119 2098 276 2182 ejusdem
299 2097 445 2162 auctoris
460 2093 614 2180 Operum,
631 2099 718 2162 sicut
741 2104 776 2162 et
799 2096 958 2180 principia
981 2116 1022 2162 ac
1043 2099 1238 2188 opinionesq

121 2185 152 2248 ai
181 2184 365 2267 scriptores
387 2182 463 2246 sire
486 2179 685 2264 synchroni,
720 2181 796 2244 sire
820 2200 907 2266 pene
936 2181 1117 2264 synchroni
1144 2185 1237 2266 ejus·

120 2263 316 2351 mndi0pua
338 2265 446 2331 eidem
470 2265 596 2328 auctori
619 2274 709 2332 certo
732 2266 943 2351 adscribant3
967 2267 997 2332 si
1020 2266 1163 2353 denique
1185 2269 1239 2334 ni·

123 2351 173 2418 hit
196 2360 328 2440 gestum
351 2352 384 2416 iu
407 2349 470 2414 hoc
483 2345 593 2433 Opere
610 2347 756 2434 tegatur,
778 2350 855 2496 flam
877 2369 949 2414 eum
966 2349 1105 2416 historia
1119 2353 1169 2418 sui
1182 2371 1238 2418 ae·

122 2438 162 2502 vi
187 2436 383 2510 concordet,
405 2440 482 2498 tuuc
505 2440 601 2498 extra
623 2451 748 2497 omnem
803 2433 954 2498 ubitaudi
983 2436 1139 2498 rationem
1178 2437 1239 2500 ab·

124 2519 241 2584 solute
262 2517 329 2583 dici
349 2519 475 2602 poterit,
497 2535 581 2602 opus
603 2515 691 2580 istud
712 2515 754 2580 ad
772 2523 940 2582 auctorem
953 2517 1043 2581 ilium
1062 2519 1238 2599 pertinere.

124 2671 129 2678 -
220 2623 265 2713 5)
289 2628 333 2694 Ut
354 2648 447 2714 porro
470 2647 588 2694 rannus
611 2626 672 2690 troc
695 2633 786 2691 recte
808 2645 1028 2712 exequamur,
1055 2630 1154 2692 etium
1178 2646 1239 2693 na-

127 2713 260 2779 turales
294 2713 456 2797 quaedam
494 2711 735 2798 dispositiones
770 2711 1022 2798 desiderautrrr3
1050 2711 1152 2777 ruulto
1187 2714 1240 2778 in-

125 2799 243 2884 primis
265 2815 348 2884 opus
371 2804 427 2863 est
454 2798 589 2883 ingenio
622 2796 807 2880 ruentisque
834 2797 1002 2870 acumine,
1032 2797 1133 2862 uudta
1161 2797 1237 2864 iteur

125 2884 230 2949 animi
251 2883 459 2958 maturitate,
481 2883 719 2964 circumspecto
745 2879 890 2962 judicio,
919 2891 1019 2966 atque
1053 2881 1239 2968 prudentia,

125 2970 246 3052 quibus
268 2967 416 3032 rationes
440 2967 592 3050 utrinque
615 2965 851 3049 ponderantur,
884 2967 1034 3032 omuibus
1059 2985 1089 3029 rn
1113 2973 1237 3032 utrant-

125 3071 193 3138 que
214 3058 342 3138 partem
363 3051 439 3117 sive
466 3050 674 3130 testimoniis,
702 3051 778 3115 sire
809 3051 1007 3132 conjecturis
1035 3051 1133 3116 simul
1167 3053 1238 3116 eot-

183 3359 215 3420 *)
234 3363 275 3412 tta
292 3363 422 3414 &umus
440 3365 634 3414 Rotarodamun
652 3365 686 3412 ob
714 3365 809 3412 uesnto
835 3371 914 3422 quam
940 3363 1009 3423 atytt
1036 3365 1236 3420 diversitatem,

234 3445 312 3496 qaam
329 3436 386 3485 attrt
404 3437 614 3497 deprehendere
634 3437 710 3483 rinus
729 3439 782 3493 est,
802 3427 936 3494 majorem
962 3436 1066 3492 partem
1086 3432 1186 3492 operis
1203 3439 1233 3482 s,

235 3506 335 3554 Bastttt
351 3507 387 3555 dc
406 3507 511 3565 spuria
530 3506 642 3558 Sancto,
662 3517 715 3552 uon
732 3515 786 3552 nun
805 3504 834 3550 fl.
855 3501 1038 3564 chrysostomi
1060 3503 1188 3552 ttorntttas
1208 3507 1236 3554 tn

235 3577 307 3624 Aeta
324 3576 528 3636 apparaturam,
545 3579 574 3624 et
593 3577 621 3622 tn
641 3574 784 3633 eptatntaru
801 3572 916 3622 atteram
935 3575 968 3620 ad
989 3572 1142 3622 Cortuttrtos
1160 3569 1236 3638 raja-

233 3649 282 3702 cta,
300 3657 362 3695 enar
381 3651 474 3696 tanna
493 3658 528 3694 ex
544 3645 720 3695 Erudttnrunr
739 3645 858 3692 nurnturn
879 3655 1014 3691 crrnsensu
1033 3646 1100 3691 satta
1117 3651 1235 3707 constet,

234 3725 378 3775 perperam
396 3715 489 3777 opera
507 3719 562 3766 tsta
580 3718 608 3766 tu
629 3717 777 3765 dtscrtmau
797 3712 884 3762 tutsse
899 3715 1026 3762 adducta.

160 3803 208 3896 ⁸¹⁴¹)
230 3813 289 3933 t't'r'r'e
303 3813 405 3935 {aegrota
415 3810 565 3937 6]αωῦιὲωὸ
583 3815 672 3932 estus,
687 3811 1106 3931 ialprggtsttnuntcartutratirrrrstlurg
1115 3807 1234 3932 qantetlr.

277 3917 285 3934 .
341 3897 395 3933 .u.
435 3917 443 3933 .
495 3885 524 3932 ⁸.
563 3895 609 3932 an.
651 3893 684 3932 ue
761 3893 1073 3930 annonara-erurre.
1111 3895 1233 3933 roma.

235 3973 266 3986 -
287 3953 391 4016 utura,
416 3965 486 4018 quac
511 3957 586 4003 ctrca
606 3954 768 4002 testtnronta
788 3951 919 4001 veterum
945 3953 972 4000 tn
999 3895 1235 4013 ndsqrrrsutenuu·

233 4026 341 4073 ortttctc
366 4025 439 4074 trene
465 4025 609 4073 attendere
633 4025 702 4072 trun
729 4024 833 4072 nosne
856 4025 931 4082 erto,
964 4027 1054 4071 nrorret
1080 4011 1179 4072 tteiete
1204 4025 1233 4069 tu

233 4087 345 4154 ssdbinq.
365 4089 455 4153 sstrrot.
476 4085 701 4153 nuortatessdpn'tt
720 4087 752 4147 3.
771 4089 848 4142 1842.
868 4086 907 4140 ὃ.
926 4089 1058 4142 ott-tt·
1096 4091 1235 4142 donnana

234 4166 318 4212 uum
338 4167 433 4214 notatu
452 4167 536 4228 digna
553 4164 587 4212 de
606 4165 775 4213 tcattmontta
793 4163 924 4211 Veterum
948 4161 1029 4210 adeat
1047 4162 1200 4210 Honoratus
1219 4167 1235 4202 a

234 4233 264 4281 Β.
285 4233 375 4282 Marta
392 4235 425 4283 Τ.
445 4237 468 4283 1.
495 4233 567 4283 Dian.
588 4233 623 4282 11.
650 4235 715 4284 Pars
734 4233 757 4282 Ι.
784 4235 812 4280 et
839 4231 912 4280 Dtsa.
934 4231 982 4279 tu.
1010 4233 1070 4279 Art.
1090 4229 1140 4280 11·
1160 4227 1233 4275 litu.

236 4301 301 4352 vlt.
321 4303 384 4352 Art.
404 4304 455 4355 tv.
474 4308 503 4354 et
522 4304 558 4354 V·
