2866 4652
217 293 261 359 it

219 467 289 528 ires
311 462 425 550 magni
447 459 589 530 nominis
610 477 773 549 expressa
799 458 923 547 aliquid
951 464 1125 540 asserant,
1152 465 1189 526 ct
1219 461 1327 528 ceteri

219 563 284 611 non
307 545 551 626 contradicant,
583 565 655 614 coro
686 553 797 612 tamen
824 545 896 629 ejus
924 545 972 612 rei
992 543 1219 630 meminerint3
1247 550 1329 611 tunc

221 631 306 696 enirn
321 631 389 699 itia
410 649 489 698 csse
511 632 650 698 omnium
671 629 840 696 sententia
860 646 926 694 non
947 635 1070 695 temere
1096 628 1163 694 dici
1184 631 1327 717 poterit:

219 715 351 798 quando
371 715 457 782 enim
480 715 514 781 in
535 733 573 782 re
593 714 694 802 gravi
714 713 835 800 aliquia
856 713 1015 780 Veterum
1037 713 1172 792 erravit,
1192 731 1329 800 semper

217 799 311 864 multi
333 800 559 879 inveniuntur,
581 799 638 884 qui
658 797 898 864 contradicunt.
921 792 987 881 ἃ).
1034 823 1036 827 ’

301 881 342 950 Si
369 884 483 971 itaqua
510 883 719 966 audianus„
740 882 860 948 Patres
888 900 1004 948 omnes
1031 885 1088 947 aut
1114 879 1187 947 iere
1208 899 1327 949 omnes

218 983 282 1030 uno
304 967 422 1049 corde,
445 986 510 1035 uno
531 986 605 1048 ore,
634 985 701 1058 una
722 965 787 1032 tide
809 965 948 1052 idipsum
972 965 1102 1042 dicere,
1127 965 1205 1115 fluia
1226 965 1327 1032 dubi·

217 1054 291 1116 tare
313 1051 454 1130 audeat,
483 1051 570 1117 banc
592 1069 671 1117 esse
693 1049 898 1117 Catholicam
922 1049 1019 1116 iidem
1041 1066 1106 1116 uon

217 1137 460 1203 contestatione
482 1128 670 1201 firmatam‘i
692 1135 766 1232 quis
785 1154 880 1200 suum
901 1133 953 1201 sic'
972 1134 1094 1200 amabit
1115 1151 1267 1213 errorem,
1287 1141 1326 1200 ut

216 1218 259 1282 ab
281 1219 356 1285 istis
379 1218 574 1286 Catholicae
595 1221 729 1284 unitatis
751 1219 965 1285 severitatis
987 1215 1249 1297 Sacerdotibus,
1278 1237 1325 1284 ex

215 1299 361 1374 diversis
383 1302 473 1368 orbis
493 1308 653 1370 terrarum
676 1303 825 1390 partibus
846 1309 940 1370 tanta
962 1303 1049 1368 inter
1074 1319 1115 1368 se
1140 1301 1218 1367 ddei
1239 1319 1324 1368 con·

215 1382 330 1450 cordia
350 1387 628 1472 congruentibus,
654 1388 687 1453 in
717 1383 785 1453 tam
811 1404 936 1476 magno
963 1403 1068 1455 cansa
1089 1385 1166 1453 idei
1187 1385 1323 1454 dissen-

215 1466 279 1532 tire
301 1463 454 1536 audeat?
474 1465 557 1560 ab)

713 1623 751 1716 s.
775 1639 825 1705 ιι.

481 1777 672 1844 Auctoritas
691 1780 889 1865 cingulorum
913 1780 1054 1844 Puta-aci.

297 1943 375 2010 Jam
397 1965 441 2012 ex
463 1917 632 2034 iuncusque
661 1945 761 2014 dictis
790 1947 1001 2014 innotescere
1025 1915 1152 2029 notcst,
1182 1948 1215 2013 in
1239 1947 1321 2015 dcti-

104 2039 108 2047 ·
212 2023 336 2092 nieudc
368 2028 437 2097 SS.
459 2031 595 2098 Patron
628 2031 827 2098 auctoritate
860 2030 992 2096 nonnisi
1021 2031 1141 2098 Patres
1169 2032 1322 2130 singulos

214 2115 249 2176 et
277 2110 412 2179 Patrum
438 2133 638 2182 consensum
667 2133 768 2201 posse
797 2116 829 2180 in
861 2114 1161 2183 considerationem
1194 2135 1322 2197 uenire,

214 2193 290 2279 quio
312 2196 432 2264 Patres
456 2201 553 2266 etiam
576 2199 700 2286 piures,
721 2199 776 2267 ubi
799 2218 864 2264 non
886 2197 1028 2265 habetur
1048 2218 1234 2267 cousensus
1255 2200 1324 2268 sal-

215 2284 280 2344 tem
303 2282 454 2364 moralis,
475 2303 542 2350 non
565 2303 608 2352 ex
632 2289 700 2351 toto
722 2302 850 2372 genere
872 2281 1038 2350 diversum
1087 2284 1225 2352 raeberc
1246 2304 1324 2371 pos·
1361 2343 1364 2350 ,

213 2368 292 2460 sunt
316 2374 546 2456 argumentum
569 2368 611 2436 ab
633 2368 714 2450 iiio,
748 2367 834 2455 quod
863 2368 990 2455 singuli
1020 2303 1087 2436 Sg.
1108 2369 1241 2437 Patrum
1263 2388 1323 2435 cx-

211 2445 335 2516 brbent.
394 2453 585 2520 Auctoritas
619 2459 729 2520 autem
764 2451 969 2542 singulorum
1003 2453 1138 2519 Patrnm
1173 2452 1322 2520 innititur
1424 2521 1425 2554 ¹

212 2533 390 2604 eorundem
418 2537 610 2618 sanctitati,
638 2537 815 2606 eruditioni
842 2542 878 2604 et
898 2538 1124 2622 approbationi
1143 2537 1321 2605 Ecclesia·
1424 2561 1425 2574 ι

210 2617 328 2684 stione.
371 2621 495 2689 Verum
518 2623 604 2690 inter
626 2641 741 2689 omnes
763 2625 906 2696 constat,
928 2640 992 2687 nec
1012 2622 1234 2698 sanctitatem,
1257 2640 1322 2690 nco

211 2701 428 2768 eruditionem
457 2723 553 2770 omne
580 2703 762 2770 excludere
791 2705 924 2772 errandi
951 2705 1128 2791 periculum
1154 2705 1254 2772 etiam
1285 2707 1322 2771 in

211 2781 312 2876 rebus
335 2783 414 2850 idei
435 2803 645 2872 morumquca
667 2783 767 2863 m)
798 2795 833 2854 et
855 2807 969 2868 nemo,
1002 2788 1210 2877 quantumvis
1239 2806 1320 2855 cru-

211 2861 300 2928 ditus
322 2873 380 2932 aut
399 2875 539 2935 sanctas
562 2888 626 2934 non
649 2870 813 2938 interdum
834 2869 1073 2954 hallucinatur,
1106 2893 1169 2939 non
1197 2873 1320 2940 alicubi

211 2951 374 3028 caecutit,
404 2969 470 3016 non
500 2952 700 3041 quandoque
732 2955 878 3046 iabitnr3
915 2959 1009 3042 cnjus
1039 2959 1087 3025 rei
1117 2957 1318 3036 luculentum

209 3036 303 3127 catat
324 3037 511 3121 exemplum
540 3037 573 3103 in
595 3035 633 3105 S.
656 3035 845 3126 Cvpriano,
879 3041 936 3128 qui
963 3042 1104 3108 credidit
1132 3047 1232 3129 atquc
1256 3041 1317 3110 de-

210 3111 339 3196 i'endrt,
375 3117 573 3206 baptismum
607 3123 649 3189 ab
679 3105 859 3192 haereticis
893 3124 1048 3194 collatum
1076 3145 1156 3194 esse
1183 3125 1317 3206 nulium,

212 3289 421 3306 -ffl

313 3405 495 3471 Pciagianam
512 3409 639 3458 undecim
658 3409 786 3472 produxit
804 3411 1001 3464 celeberrimos
1019 3413 1116 3466 Patras
1134 3411 1179 3473 (ε.
1198 3415 1270 3474 Aac.
1290 3425 1315 3462 c.

312 3476 372 3526 toi.
390 3477 411 3526 i.
430 3479 467 3528 ii.
486 3491 515 3529 n.
533 3475 579 3529 33.
598 3475 680 3541 3⁷0),
704 3480 857 3532 concilium
875 3483 1043 3544 prcstnum
1067 3486 1209 3535 duodecim
1234 3485 1315 3533 adbi-

314 3547 376 3594 buit
393 3548 491 3598 Patres
510 3545 589 3610 (Act.
609 3550 632 3598 i.
651 3561 696 3611 nn.
716 3551 806 3600 Manat
825 3551 857 3601 Τ.
876 3553 926 3602 iv.
947 3555 1002 3602 coi.
1024 3551 1176 3608 iiiia-abt
1196 3557 1225 3603 ot
1244 3555 1316 3604 idem

208 3619 210 3626 ‘
313 3613 374 3663 iero
393 3627 524 3669 numerus
542 3622 672 3668 servatur
690 3622 718 3669 iu
737 3621 855 3683 reliquia
871 3627 1056 3674 monumentis
1074 3625 1249 3687 antiquitatis
1261 3623 1316 3672 Ec-

314 3685 509 3751 cioaiaaticae,
546 3691 770 3752 quotiescumque
794 3703 829 3740 cx
849 3703 986 3744 consensu
1011 3695 1059 3744 ss.
1079 3695 1189 3744 bairum
1217 3696 1316 3757 dogm

310 3755 421 3818 oiiqaoi
441 3759 678 3810 demonstrandum
697 3762 862 3822 suscipiunt.

170 3913 177 3928 ·
206 3913 209 3919 Ι
259 3847 289 3907 *)
306 3849 336 3902 c.
349 3853 510 3906 beiiarmin.
522 3855 700 3908 controvers.
721 3859 924 3910 deverbonoi
943 3871 995 3914 non
1014 3864 1118 3924 scripto
1137 3863 1157 3910 i.
1178 3861 1227 3912 iv.
1247 3873 1273 3910 c.
1285 3855 1314 3910 9.

309 3919 488 4043 ‘titi-⁷iiaiiram
507 3926 542 3973 do
560 3925 674 3978 canone
693 3929 853 3992 Dogmatum
871 3929 972 3981 ebriat.
992 3934 1024 3983 b.
1045 3934 1066 3984 i.
1085 3933 1202 3984 Dimcrt.
1223 3931 1266 3984 15.
1286 3944 1317 3982 n.

238 4081 283 4144 ”i
299 4087 329 4136 8.
349 4091 467 4152 August.
488 4104 513 4142 o·
531 4093 636 4144 tuiian·
656 4095 676 4144 i.
697 4097 719 4142 i.
741 4109 768 4146 n·
791 4095 822 4148 io
841 4100 870 4148 et
886 4095 932 4150 ci.

68 4262 74 4273 Ι
116 4170 133 4193 “’
218 4180 451 4246 ***)·iiencdicti
468 4189 544 4240 xiv.
564 4189 779 4244 Constitutione
798 4207 870 4268 nora
888 4196 1072 4261 biartyroiog.
1090 4197 1169 4248 iiorm
1189 4195 1316 4246 cdiiiono

307 4259 508 4326 martyrologio
525 4260 645 4322 praedira
662 4273 692 4312 ιι.
710 4259 755 4311 31.

1150 1049 1326 1117 issonantc
1422 1125 1423 1142 ,
