2906 4652
1048 309 1057 328 ·
1147 293 1221 374 bid,

32 463 33 468 ’
109 453 264 545 Gregorii
285 462 435 541 tempore
456 455 658 523 consuetudo
680 454 880 531 detestanda
901 457 1100 536 incaluerat,
1121 466 1157 525 rt
1171 462 1214 527 ab

109 541 264 630 improbis
287 540 472 606 bominibus
494 539 716 623 dejicerentur
737 544 850 612 tumuli
873 543 931 608 vel
951 543 1216 630 splendidissimi

107 646 147 692 ac
169 626 374 692 violarentur
394 623 591 710 sepulchra,
613 643 677 690 uon
701 623 768 692 alia
790 627 833 692 de
855 643 976 706 causa,
1010 645 1108 713 quam
1128 627 1216 715 qued

107 711 152 776 ibi
173 709 324 776 thesauri
347 707 563 773 crederentur
584 707 766 793 reconditi3
789 729 860 776 eum
880 711 1008 793 pariter
1029 710 1230 798 Gregorius·

31 833 32 840 κ
108 794 270 862 acerrime
290 793 474 858 insectatus
497 796 551 858 est
572 789 715 881 (Epigr.
736 791 896 884 31-94.)
917 797 963 874 9).

189 905 255 972 llis
277 903 390 972 aidnie
411 909 490 969 sunt
510 906 657 970 carmina
678 905 751 987 ejus
783 908 950 991 edomuere,
981 907 1100 994 quibus
1128 907 1215 976 satis

108 990 302 1074 frequenter
323 989 507 1073 generatim
530 989 621 1053 canit
649 988 692 1053 de
723 988 819 1071 bnjns
849 992 940 1058 vitae
970 993 1138 1071 vanitate,
1172 989 1216 1058 dc

107 1073 327 1140 instabilitate
357 1091 464 1138 rernm
494 1073 634 1138 omnium
671 1070 883 1140 humanarum
914 1094 955 1142 ac
989 1076 1032 1142 de
1054 1076 1215 1142 commoni

108 1157 340 1225 omniumboe
363 1157 437 1236 ”)‚
472 1163 508 1222 ut
530 1155 679 1222 bomioes
700 1165 923 1242 cognoscent,
952 1158 1040 1244 quod
1076 1159 1217 1227 mundus
1298 1175 1300 1180 ·

110 1246 262 1308 transeat
284 1248 319 1306 et
340 1241 610 1324 concupiscentie
631 1239 723 1322 ejus,
752 1259 815 1308 nec
837 1241 1015 1328 quidquam
1036 1243 1162 1311 firmum
1181 1251 1217 1312 et
1283 1249 1292 1274 ⁸

106 1325 229 1406 stabile
265 1343 510 1410 permansurum
543 1325 588 1390 sit
615 1337 749 1409 practer
774 1343 918 1392 amorem
946 1325 1033 1396 Jeso
1069 1325 1226 1415 Cbristip

105 1409 185 1476 binc
206 1427 339 1492 semper
359 1407 470 1488 infert,
491 1408 634 1476 terrenis
658 1407 752 1473 bonis
774 1410 924 1477 omnibus
946 1409 1088 1495 spretis,
1110 1405 1218 1476 Deum

105 1493 217 1570 solum
260 1490 436 1558 amandum
469 1491 620 1575 solisque
656 1491 751 1558 bonis
788 1493 991 1562 coelestibus
1026 1491 1217 1560 inhiandum

106 1595 200 1644 esse.
222 1615 265 1628 -
308 1574 385 1641 Alia
406 1584 486 1640 sunt
505 1576 644 1664 generis
664 1573 811 1663 elegiaci
832 1577 994 1655 numina,
1017 1577 1135 1661 quibus
1156 1595 1218 1644 ea·

104 1660 279 1726 lumitates
300 1678 382 1726 snas
403 1669 563 1725 externus
585 1667 620 1726 et
640 1659 791 1726 internas
813 1660 887 1727 inse
910 1661 1069 1728 describit
1091 1655 1162 1749 (ΙΙ.
1186 1662 1218 1740 1,

107 1749 160 1843 19.
173 1747 255 1822 td).
272 1752 328 1810 aut
349 1744 468 1808 mentis
484 1743 605 1810 luctam
619 1744 806 1809 continuam
817 1743 981 1812 edversus
993 1761 1124 1810 carnem
1138 1761 1219 1840 pro-

105 1823 1218 2010 1111111111111.)’.1111111111111111

102 2005 174 2066 tum
198 1995 371 2080 deplorat,
401 2015 464 2081 spe
494 2001 650 2064 continua
674 1995 809 2062 drvrnae
832 1996 1080 2062 misericordiae
1101 1995 1220 2062 subur·

88 2103 168 2148 ¹arus
195 2081 326 2166 lleique
348 2097 442 2164 opem
464 2079 601 2146 assidue
620 2081 803 2164 implorans
826 2082 912 2156 cet),
940 2081 979 2146 lu
1003 2081 1079 2146 aliis
1101 2099 1217 2161 rursus

101 2185 285 2234 aerumnas
306 2183 399 2242 siras,
421 2183 465 2230 ex
486 2163 612 2230 invidia
633 2169 891 2232 obtrectatorum
906 2165 1097 2251 plerumque
1112 2170 1217 2240 ortas,

101 2269 143 2320 ac
172 2249 291 2317 varios
312 2248 409 2316 uitae
431 2266 531 2313 cusos
552 2246 716 2316 adversos
739 2249 772 2313 lu
800 2255 851 2322 et.
886 2249 1023 2336 [leoque
1053 2267 1108 2316 res
1136 2265 1217 2316 suas

99 2334 279 2402 committit
299 2334 356 2411 †)‚
390 2331 634 2418 aegritudinem
656 2351 750 2400 snam
773 2268 927 2414 deploret
949 2333 1101 2418 precibus
1132 2331 1219 2398 lusis

99 2419 337 2496 liberationem
359 2433 503 2482 exorans
526 2419 598 2495 ††)‚
619 2423 761 2500 peccata
782 2437 844 2482 suu
865 2426 900 2483 at
925 2436 966 2484 ne
988 2415 1142 2484 miserias
1164 2415 1220 2480 la·

99 2507 277 2570 mentatur
298 2497 426 2586 licique
447 2499 703 2568 misericordiam
727 2499 880 2586 implorat
902 2436 954 2591 dl.
977 2506 1015 2579 2,
1048 2499 1164 2565 13.11.
1187 2501 1219 2578 1,

102 2587 236 2653 5121.
262 2577 360 2668 7303
392 2591 459 2649 tom
490 2586 588 2651 etiam
622 2587 813 2652 carissimos
839 2593 992 2670 ‘quosque
1023 2589 1126 2650 morte
1154 2581 1220 2648 sibi

28 2679 29 2686 ’
100 2677 245 2755 ereptos
275 2665 365 2734 dolet
386 2671 481 2747 †††).
510 2688 550 2734 ac
578 2667 721 2756 denique
750 2669 814 2733 sibi
844 2676 981 2754 exoptat
1016 2666 1156 2735 dissolvi
1185 2671 1220 2752 et

100 2773 185 2823 esse
209 2771 288 2820 cum
309 2749 458 2830 Christo,
482 2749 553 2836 (ll.
583 2756 608 2830 1,
630 2757 684 2820 31.
705 2745 803 2836 te),
825 2754 920 2820 simul
949 2761 1059 2819 tamen
1081 2750 1145 2818 llei
1161 2753 1243 2836 ju-.
1328 2761 1335 2770 “

100 2838 229 2906 dicium
254 2837 452 2921 expavescit
472 2837 540 2926 (ll.
568 2839 670 2915 1421.
697 2837 786 2928 te.)
841 2839 903 2904 llis
937 2839 1088 2904 omnibus
1115 2835 1243 2920 inter-⁸

98 2924 293 2992 miscentur
321 2921 468 3006 suspiria
495 2921 538 2988 ad
560 2921 685 3003 licum,
716 2931 758 2991 et.
773 2941 890 3010 preces
913 2921 956 2989 ad
979 2921 1099 2990 desum
1121 2918 1220 2988 Cbri·

100 3125 323 3144 m

215 3247 336 3296 Dissert.
351 3241 396 3296 db.
417 3244 630 3310 (11.395-,311).
650 3253 800 3302 Praetereo
818 3250 856 3301 el.
875 3249 941 3300 God.
960 3249 1093 3302 tuendos.
1114 3247 1163 3296 1111.
1176 3243 1218 3296 16.

217 3317 266 3364 111.
289 3315 313 3364 1.
332 3314 389 3379 teg.
407 3313 451 3367 11,
476 3313 519 3378 (τ.
537 3321 586 3369 vr.
605 3336 632 3383 p.
651 3318 783 3380 95-111.
1209 3315 1211 3319 ’

157 3406 189 3472 *l
209 3411 256 3462 Gi·
282 3405 313 3464 S·
337 3413 500 3478 Hieronem·
526 3416 707 3470 commertar.
734 3420 763 3469 ln
787 3418 891 3476 ierem·
918 3415 970 3466 1111.
996 3413 1023 3464 2.
1049 3425 1073 3462 c.
1091 3411 1118 3464 8.
1143 3425 1171 3460 v.
1194 3411 1218 3461 1.
1263 3449 1265 3456 .

205 3479 304 3568 topp.
321 3483 353 3532 'l'-
374 3483 425 3534 lv}
445 3486 502 3536 col·
518 3483 598 3544 898.)
695 3499 700 3508 ·
827 3485 831 3492 “
1082 3497 1087 3506 ·
1244 3509 1250 3516 .

137 3573 190 3646 u)
211 3573 372 3644 sereres
393 3582 524 3644 ι.1,11.
545 3585 588 3636 11.
610 3580 650 3636 11.
672 3584 714 3636 15.
736 3567 778 3635 ie.
802 3581 840 3634 rs.
863 3579 905 3633 ru.
923 3577 969 3630 uo.
988 3541 1219 3654 (crunam
1248 3655 1250 3662 Α

212 3648 1220 3803 11111111111111911111111111111111

214 3791 265 3842 11.
286 3786 331 3840 ra.
351 3787 397 3841 er.

115 3885 198 3946 ***)
218 3879 252 3936 S'·
275 3885 392 3952 Gregor.
412 3891 448 3939 11.
472 3893 495 3952 1,
515 3891 559 3942 tt.
579 3887 692 3943 et-oo.
714 3889 757 3942 to.
779 3887 823 3941 79.
843 3885 887 3940 89.
907 3887 968 3938 8³.-

155 3979 189 4045 11
210 3977 245 4032 S·
267 3981 382 4049 eremi.
402 3989 437 4037 u.
458 3989 483 4052 1,
502 3985 575 4040 eno.
597 3974 766 4041 151155.
786 3985 830 4040 to.
850 3988 892 4040 51.
911 3982 956 4038 eu.
1001 4023 1003 4026 .

136 4076 194 4144 11)
217 4073 250 4129 8·
272 4076 444 4144 (11111511.
467 4091 496 4146 1,
518 4085 561 4137 so.
580 4084 625 4138 1ο.
645 4085 688 4135 11.
708 4083 753 4136 so.

107 4175 188 4246 †††l
209 4170 243 4228 S·
264 4175 382 4240 Gfflttt·
395 4155 438 4231 ll·
460 4183 490 4244 1,
516 4182 561 4236 90.
580 4182 624 4236 91.
660 4185 720 4235 lluc
738 4183 879 4245 pertinent
897 4194 1005 4246 quoque
1024 4177 1145 4240 pturtrnu¹
1159 4167 1221 4240 c'oe
1342 4187 1346 4198 ·

220 4247 384 4336 Epitaphia,
404 4252 556 4315 dequibus
575 4253 660 4306 latre.
