2906 4652
234 321 297 386 tol

235 494 293 555 aot
314 501 380 552 non
402 484 627 570 existentemq
649 483 719 550 sed=
735 479 913 551 absordum
936 488 972 549 et
992 481 1123 570 impium
1146 488 1201 550 est
1220 482 1352 566 dicere,

235 571 324 723 quod
349 569 440 636 lleus
463 567 619 658 gennerit
641 569 758 634 Filium
775 569 844 652 jam
867 565 1084 650 existentem
1107 585 1201 656 crgo
1224 573 1351 658 genuit

266 654 366 734 ilium,
388 673 462 720 oum
484 655 514 720 is
537 658 638 720 antea
659 671 723 718 non
746 653 920 719 existeret.
944 687 981 702 -
1039 651 1128 718 ilinc
1153 662 1264 719 autern
1292 655 1352 720 iu·
1407 727 1410 738 ,

236 741 320 822 iert,
350 739 459 803 Putria
481 745 516 805 et
537 735 622 803 litii
643 737 870 824 appellatione
897 735 1026 814 audita,
1049 753 1256 823 nequequam
1280 757 1350 826 ge.

237 824 440 892 uerationeur
478 821 542 890 Dei
576 819 832 912 intelligentiam
865 837 945 887 esse
973 826 1129 907 tanquam
1158 820 1350 902 humanam,

137 979 142 991 ,
236 927 323 997 quae
346 907 477 973 scilieet
498 907 626 992 absque
649 903 943 975 communicatione
965 904 1118 972 naturae
1131 913 1166 970 et
1185 907 1352 992 passione

236 1013 297 1062 seu
322 993 497 1059 allectione
520 986 682 1080 (natos)
714 989 857 1079 cogitari
891 1007 956 1055 uon
985 990 1112 1078 possit3
1144 998 1351 1092 quapropter

236 1079 336 1146 eliam
360 1075 447 1142 haud
470 1078 611 1142 obscure
634 1081 753 1154 monet,
776 1072 907 1140 nomine
921 1074 1031 1140 Patris
1054 1075 1175 1140 ctl'ilri
1196 1093 1263 1140 nou
1287 1094 1350 1142 sa-

237 1165 283 1228 tis
305 1169 385 1248 apta
407 1179 486 1228 esse
508 1159 553 1226 ad
576 1160 764 1248 ingenitum
787 1164 821 1225 et
844 1160 994 1260 genitore
1024 1157 1282 1248 designandum
1307 1199 1351 1212 -

238 1247 319 1314 Cum
343 1263 440 1330 porro
471 1243 696 1311 intellexisset
725 1244 926 1322 Eunomrns,
958 1261 1074 1308 ornnes
1096 1243 1226 1309 omnino
1247 1242 1350 1310 cari-

239 1332 370 1398 stianos
399 1327 582 1395 firmissime
611 1343 807 1415 persuasum
829 1325 974 1406 haltere,
996 1327 1114 1393 Filium
1137 1345 1217 1394 esse
1238 1329 1350 1394 lucem

238 1415 387 1515 genitam
414 1429 458 1478 ex
485 1413 636 1512 ingenita
662 1413 738 1510 luce
767 1411 1054 1498 resplendentem,
1084 1411 1238 1479 Eundem
1261 1430 1351 1510 'esse

237 1517 345 1649 tnta
364 1503 639 1666 lateatne
663 1498 1139 1670 natantianatantia
1157 1496 1350 1678 ,attat

238 1685 313 1734 nem
332 1665 420 1732 hane
442 1664 672 1732 destructurus
694 1665 857 1744 eandem,
888 1681 977 1752 qnae
1002 1674 1056 1731 est
1091 1671 1239 1752 genitum
1262 1674 1351 1731 mter

238 1759 274 1819 et
294 1750 498 1840 ingenitum,
526 1750 765 1837 oppositionem
798 1749 879 1817 dicit
906 1751 1007 1816 etiam
1030 1768 1110 1816 esse
1131 1751 1218 1816 inter
1241 1749 1350 1816 locem

238 1843 274 1904 et
296 1836 422 1919 lucemq
447 1834 534 1900 unde
554 1841 676 1920 sponte
697 1835 779 1914 lluit,
800 1842 973 1921 utramque
995 1837 1082 1898 inter
1100 1853 1140 1899 se
1162 1851 1273 1919 neque
1296 1834 1350 1899 ul·

238 1922 304 1987 lam
332 1921 628 2005 conparationem,
666 1937 775 2005 neque
813 1920 914 1996 ullam
941 1917 1199 1985 commonionem
1228 1918 1352 1983 admit-

239 2012 321 2071 tere.
346 2037 386 2052 -
415 2003 569 2100 Denique
591 2010 627 2068 nt
650 2003 759 2069 Patris
782 2011 816 2069 et
837 2003 913 2068 Filii
936 2001 1103 2068 diversam
1125 2003 1350 2070 substantiam

239 2095 274 2154 et
295 2086 597 2153 dissimilitudinem
619 2086 780 2164 adstruat,
804 2087 872 2154 elia
893 2088 994 2153 etiam
1016 2089 1350 2175 utiturorgoneuta-

239 2173 340 2236 tione.
396 2170 450 2236 Ad
473 2188 580 2236 rernm
602 2172 689 2236 enim
710 2178 860 2237 naturam
883 2171 1155 2261 cognoscendam
1185 2171 1351 2256 duplicem

187 2315 191 2320 .
238 2254 392 2354 proponit
412 2254 519 2334 viam,
550 2261 586 2321 nt
606 2253 738 2322 scilieet
759 2257 954 2342 principium
976 2255 1204 2344 cognoscendi
1228 2255 1283 2322 vel
1308 2275 1351 2322 ex

239 2359 251 2404 r
275 2357 316 2403 aa
338 2338 387 2404 rei
409 2345 544 2416 natura,
577 2340 633 2406 vel
656 2356 698 2405 ex
721 2341 872 2425 ejusdem
895 2340 1143 2427 operationibus
1165 2345 1349 2424 repetatur.

269 2423 312 2490 ed
334 2422 400 2490 Ilei
420 2424 600 2488 coustantio
634 2431 790 2502 aeterua,
818 2443 905 2510 qnae
933 2424 1056 2490 nullom
1092 2425 1347 2524 generationem

240 2507 395 2584 admittit,
416 2509 488 2592 lege
508 2519 658 2588 miuron,
680 2527 808 2577 omnem
830 2529 902 2576 cum
925 2509 990 2576 alio
1014 2525 1133 2594 qoovrs
1151 2509 1238 2575 llute
1258 2527 1352 2574 com-

241 2595 445 2681 parationem
469 2587 729 2680 [aequalitatem
751 2595 807 2661 vel
829 2585 1099 2676 similitudinem)
1119 2592 1282 2660 excludit.
1305 2591 1350 2658 lit

239 2679 387 2746 vicissim
407 2678 437 2742 si
459 2679 533 2764 quis
555 2695 599 2744 ex
611 2679 863 2758 operationibus,
885 2696 971 2764 qnae
992 2678 1186 2744 necessario
1206 2695 1352 2762 respon·

240 2761 321 2830 deut
350 2761 507 2848 dignitati
535 2762 745 2831 substantiae
773 2763 962 2848 operantis,
988 2761 1167 2828 concludat
1193 2760 1237 2826 ad
1267 2762 1352 2828 sul)-

239 2846 394 2925 stentiae,
415 2845 563 2932 ingeniti
584 2845 719 2930 quidem
740 2851 925 2916 creaturan
945 2845 1065 2914 Filium
1089 2845 1250 2924 inveniet,
1261 2843 1353 2912 Uni·

239 2930 346 3081 §eniti
379 2928 719 3026 veronl’oraelitum3
755 2930 908 3080 quoniam
943 2931 1048 3018 igitur
1075 2931 1184 2997 Filius
1220 2931 1355 2996 creavit

240 3009 1066 3196 1,lffltniltttal‘llet,¹ltttittltt
1084 3014 1356 3196 illitam,

240 3201 313 3252 eum
336 3181 438 3280 Patre
451 3190 694 3280 ,comparetoq
716 3202 794 3269 qura
816 3183 858 3281 ob
880 3203 1009 3264 eorum,
1034 3201 1121 3270 quae
1140 3182 1243 3264 lecit,
1271 3119 1356 3250 ufli-

238 3275 341 3338 lalem
364 3266 542 3352 diguitatis
564 3266 767 3352 aequalitate
789 3274 940 3368 privatus
961 3275 1026 3334 est.

324 3350 450 3420 Contra
496 3349 582 3418 nane
619 3351 894 3440 blasphemiarum
931 3351 1081 3420 Eunomii
1125 3359 1277 3420 catenam
1313 3349 1357 3420 S.

239 3435 388 3504 Basilius
410 3437 546 3522 primum
567 3439 726 3514 ostendit,
744 3456 851 3523 neque
861 3437 1031 3520 facturae,
1051 3455 1160 3522 neque
1179 3437 1360 3521 geniturae

240 3539 358 3589 nomen
381 3520 425 3588 de
448 3520 533 3587 llilio
555 3519 620 3586 Dei
642 3522 675 3586 iu
696 3520 736 3588 S.
759 3521 935 3609 Scriptura
956 3519 1109 3588 adhiberi
1131 3517 1190 3610 (u.
1218 3525 1231 3586 l
1254 3559 1299 3572 -
1323 3521 1360 3586 3.

238 3621 273 3668 n.
297 3608 316 3670 6
338 3643 380 3657 -
400 3599 479 3691 &lt
503 3606 710 3671 demonstrat
734 3625 852 3690 porro,
883 3606 1015 3672 nomina
1043 3605 1180 3671 diversa
1202 3621 1360 3690 genera-

239 3686 298 3752 tim
321 3705 384 3752 non
407 3689 561 3754 continuo
584 3688 767 3772 designare
798 3689 963 3756 diversam
987 3706 1093 3754 rerum
1115 3689 1361 3770 substantiam,

237 3768 302 3866 sed
324 3772 546 3856 proprietates
569 3771 725 3838 diversas
745 3769 803 3863 (n.
827 3767 970 3862 4-5.);
993 3790 1113 3839 nomen
1136 3778 1245 3839 autem
1272 3773 1361 3840 Filii

238 3870 313 3919 srve
340 3853 438 3920 etiem
500 3854 651 3922 enitorae
674 3873 753 3922 esse
773 3855 946 3922 relativum
972 3855 1124 3942 adeoque
1146 3857 1181 3922 ui
1209 3863 1363 3925 naturae

237 3953 413 4033 suae'nou
436 3875 676 4016 soistantiam,
712 3939 773 4005 sed
806 3941 911 4006 solam
941 3939 984 4006 ad
1008 3939 1099 4040 alind
1121 3939 1365 4042 habitudinem

238 4038 552 4176 titltttnttt
570 4019 1366 4208 lisinii?'eieiliiilililinlil'i

237 4209 332 4271 esse,
363 4205 434 4257 eum
463 4209 526 4256 nou
544 4199 638 4260 esset
671 4202 750 4260 ante
778 4212 942 4280 propriam
971 4194 1281 4274 constitutionem,“
1326 4205 1367 4262 et

237 4278 444 4362 argrrmentis
464 4275 682 4361 speculatixis
704 4289 867 4342 artemon
882 4275 956 4342 Filii
977 4297 1047 4344 corn
1066 4278 1167 4344 Patre
1190 4279 1369 4359 conjunc·
