2948 4662
227 316 290 382 282

225 481 299 547 fere
321 488 467 567 tempore
489 478 667 546 sacerdotii
690 486 725 546 et
745 478 838 545 exilii
860 478 1000 566 gloriam
1023 477 1168 563 adeptus
1188 487 1253 548 est.
1272 478 1334 546 sed

225 566 325 652 paulo
349 572 424 650 post
446 567 584 630 Murum
604 572 782 630 revocatus
812 571 937 647 martyr
965 564 1047 629 obiit
1075 582 1189 628 ruense
1212 565 1333 628 Martio

227 651 305 714 nuni
326 651 399 714 aab.
422 651 466 728 ⁴).
511 649 561 714 Eo
584 649 713 715 interim
734 655 883 734 tempore
905 647 943 714 S.
966 646 1171 731 Cyprianus,
1192 649 1248 731 (μή
1272 648 1336 714 hac

228 732 261 798 in
286 735 517 819 persecutione
540 751 647 818 neque
668 733 832 810 secessit,
861 749 925 797 nec
948 731 1063 815 pnlaus
1085 740 1143 796 ant
1166 733 1338 818 proscrip-

226 823 281 883 tus
305 817 381 892 fnit,
414 831 479 882 tam
510 817 639 902 plebem
669 833 782 892 suam,
814 834 911 902 qoam
938 815 1074 880 aliarum
1101 834 1162 899 per
1189 816 1337 882 Africam

227 901 397 966 civitatum
420 901 541 967 fideles
562 900 606 966 ad
630 900 818 984 martyriam
840 898 1004 970 accendit,
1027 907 1128 982 atque
1150 899 1249 965 otiam
1268 897 1337 965 SS.

227 985 443 1051 Pontificibus
476 984 631 1051 Cornelio
659 992 693 1050 et
725 983 826 1048 bocio
856 983 899 1049 de
930 983 1152 1048 confessionis
1182 991 1217 1049 et
1244 985 1338 1050 exilii

226 1069 337 1154 glorie
366 1069 555 1155 gratulatus
586 1075 658 1136 est·
694 1068 888 1154 praesertim
917 1087 999 1134 vern
1022 1075 1117 1164 peste
1139 1065 1337 1134 horrendum

226 1155 259 1220 in
284 1153 411 1219 modurn
434 1159 617 1240 grassante
641 1114 801 1238 Cypriani
823 1153 947 1218 caritas
969 1152 1002 1217 iu
1024 1153 1109 1238 ipsis
1125 1151 1338 1217 Ethnicornm

228 1237 332 1304 oculis
353 1239 473 1304 enituit
493 1244 528 1303 et
549 1238 592 1303 ed
614 1255 771 1304 summam
796 1236 999 1321 reipublicae
1020 1233 1194 1301 utilitatem
1214 1235 1338 1302 redun-

228 1321 339 1406 davit3
361 1327 426 1386 tum
449 1323 619 1386 enimvero
665 1322 771 1386 lehem
794 1341 887 1386 suam
911 1339 974 1385 uno
995 1320 1029 1384 in
1053 1321 1126 1386 loco
1142 1337 1338 1406 congrava-

226 1411 294 1472 tam
318 1404 432 1470 vivido
455 1403 586 1470 hortatu
610 1342 766 1484 adduxit,
796 1412 830 1470 ul
855 1405 989 1488 pietatis
1011 1405 1121 1470 officia
1143 1423 1208 1469 non
1230 1371 1336 1470 schum

227 1488 259 1554 in
282 1488 483 1556 domesticos
507 1491 601 1564 ndei,
630 1488 691 1556 sed
722 1489 754 1554 in
777 1488 869 1571 ipsos
898 1490 998 1554 etiam
1022 1488 1182 1553 Ethnicos
1205 1489 1337 1554 confer·

227 1579 319 1650 rent,
341 1581 442 1660 atque
464 1573 707 1657 infensissimos
730 1571 911 1638 Christiani
932 1573 1071 1638 nominis
1094 1571 1208 1637 hostes
1230 1572 1262 1636 in
1285 1575 1336 1638 sni

228 1657 478 1724 admirationem
504 1667 659 1744 raperent
681 1656 801 1743 (Pont.
826 1676 856 1720 n.
882 1661 911 1722 9.
937 1651 1025 1742 ln).
1076 1655 1235 1741 Cypriani
1259 1656 1337 1722 tror-

226 1742 351 1807 tatihus
379 1760 525 1808 accensa
547 1744 645 1829 plebs
667 1740 950 1824 carthaginensis
980 1743 1123 1807 libenter
1144 1741 1337 1826 arripiebat,

227 1826 257 1890 si
280 1844 344 1910 qua
365 1843 406 1892 se
429 1826 525 1892 daret
546 1827 681 1893 occasio
703 1826 853 1891 caritatis
875 1825 1096 1892 exercendae.
1152 1823 1246 1905 Quod
1270 1833 1337 1890 tum

229 1911 371 1976 maxime
393 1909 598 1992 declaravit,
628 1931 700 1977 cum
723 1916 797 1976 acto
821 1909 997 1976 Numidiae
1018 1909 1177 1994 Episcopi
1199 1910 1337 1994 gravis-

227 1993 311 2062 simo
333 2011 415 2060 caso
439 1997 600 2077 perculsi,
637 1994 724 2082 qrrod
756 1994 868 2080 plures
891 1992 1101 2060 Christianos
1127 2013 1147 2058 e
1168 1993 1337 2072 Numidia,

227 2078 261 2142 in
285 2076 337 2143 bis
360 2079 656 2178 virginesChristo
673 2078 814 2156 dicatas,
838 2079 969 2143 barbari
992 2077 1222 2156 abduxissent,
1241 2097 1337 2162 opem

228 2159 385 2246 Cypriani
423 2164 647 2249 implorarant.
705 2164 801 2228 'l'unc
836 2163 922 2228 enim
958 2182 1085 2228 sommo
1122 2179 1267 2227 moerore
1301 2172 1338 2229 et

228 2245 513 2314 commiseratione
530 2246 907 2334 tactiCarthaginenses
928 2265 1045 2313 omnes
1066 2249 1215 2313 certatim
1238 2265 1338 2334 mag-

229 2347 301 2395 nam
323 2335 483 2413 pecuniae
513 2334 579 2399 vim
607 2333 649 2398 ad
680 2329 891 2398 redimendos
920 2335 1073 2416 captiuos
1100 2331 1254 2396 collatam
1284 2333 1336 2396 eis

227 2413 403 2494 miseruut,
432 2417 464 2482 id
498 2437 596 2483 uanum
624 2421 806 2502 rogantes,
835 2421 870 2480 nt
897 2415 963 2480 sibi
985 2417 1092 2480 vicem
1115 2416 1190 2479 boni
1223 2415 1336 2497 operis

103 2562 109 2571 ,
226 2498 260 2564 in
282 2499 457 2568 sacrificiis
479 2509 514 2568 et
537 2503 691 2588 precibus
714 2501 877 2567 referrent
899 2502 977 2588 (ep.
1000 2493 1089 2584 bd).
1148 2499 1336 2583 'tantopere

226 2581 517 2666 Carthaginenses
547 2586 779 2673 persecutione
800 2584 979 2672 expurgati
1006 2589 1042 2652 et
1068 2581 1155 2650 curis
1177 2601 1219 2650 ac
1241 2583 1336 2649 labo·

227 2667 317 2736 ribus
338 2669 498 2758 Cypriani
520 2670 653 2738 fueraut
672 2670 844 2737 immutati.

725 2853 764 2943 s.
783 2865 837 2932 eo.

229 3005 453 3076 Cremonensis
481 3011 519 3073 de
546 3005 701 3089 baptisari
727 3015 824 3068 entra
854 3003 1037 3070 Ecclesiam
1069 3007 1183 3070 colluti
1214 3005 1336 3070 calidi·

544 3100 622 3153 trite.
676 3091 711 3154 S.
738 3088 899 3171 Cypriani
926 3111 1020 3153 mora.

310 3259 383 3323 Non
407 3254 507 3320 mnlto
531 3259 605 3338 post
626 3254 665 3320 S.
688 3254 785 3320 Lucii
816 3256 1004 3341 martyrium
1028 3257 1182 3322 Pontifex
1211 3256 1334 3322 Roma-

226 3361 289 3409 nus
310 3341 439 3406 clectus
461 3345 515 3402 est
538 3337 575 3404 S.
598 3337 804 3424 Stephanus,
825 3341 878 3406 vir
900 3343 1001 3426 paulo
1022 3341 1236 3407 ferventioris
1258 3341 1333 3404 ani-

226 3425 278 3492 mi.
322 3421 395 3486 Sub
419 3419 481 3486 hnc
506 3421 677 3499 Pontifice,
699 3441 772 3489 cum
796 3427 985 3509 persecutio
997 3424 1086 3491 Galli
1109 3431 1143 3490 et
1159 3423 1334 3487 Volusiani

226 3507 403 3584 desiisset,
433 3509 467 3570 et
493 3513 619 3584 motus,
671 3526 732 3574 nos
754 3509 964 3575 Novatianns
986 3512 1019 3575 iu
1042 3506 1178 3574 Oriente
1201 3507 1335 3571 excita-

224 3594 332 3666 verat,
353 3587 463 3656 sedati
487 3527 742 3672 fuissentdites
764 3591 796 3658 in
818 3592 975 3660 Ecclesia
998 3593 1041 3661 de
1065 3590 1224 3678 baptismo
1249 3589 1335 3658 hae-

328 3901 432 3962 acrlpta
450 3905 563 3956 exhibet
582 3907 671 3956 Boutta
691 3907 782 3969 Retio.
802 3921 875 3958 sacr.
895 3910 959 3960 Vol.
980 3909 1028 3958 nt.
1049 3921 1076 3969 p.
1096 3904 1195 3958 3-65.
1216 3906 1335 3957 thilon-

326 3974 445 4022 stantlna
463 3977 490 4026 tn
511 3975 642 4038 Eptabolts
660 3978 735 4027 doru.
756 3979 916 4030 Pontificum
934 3971 1234 4037 (ed-Sohocuemanu).
1255 3979 1288 4027 Τ.
1309 3979 1332 4025 Ι.

310 4039 507 4102 Δ1289446.
544 4047 673 4098 Gallaud.
697 4049 802 4098 arn.
829 4049 1033 4110 post-61.
1076 4048 1347 4113 tllgnel’atrolog.,

328 4111 407 4164 Cura.
426 4115 458 4164 Τ.
479 4119 528 4166 tn.
547 4132 575 4179 p.
595 4117 747 4172 699-848.

273 4203 305 4270 *l
324 4209 367 4336 gf.
387 4205 454 4334 1³ng
478 4218 511 4268 aa
530 4227 556 4267 a.
577 4216 639 4270 aaa.
671 4231 700 4270 n.
723 4219 791 4272 22-
808 4217 846 4269 ι2.
874 4227 902 4266 ι.
920 4213 1055 4267 22-22.
1075 4219 1104 4266 a
1122 4217 1155 4265 aa
1173 4227 1200 4262 ι.
1220 4212 1282 4266 aaa.
1304 4226 1334 4265 ιι.
