2866 4652
1197 333 1240 398 tii

126 517 171 564 ex
199 495 269 562 illis
300 492 499 568 viderimus,
531 493 637 560 ileum
666 511 780 562 veram
807 493 988 564 doctrinam
1016 513 1240 564 conservasse

127 600 172 648 ec
203 596 430 666 propagasse.
496 577 736 646 Auctoritatem
771 579 886 662 itaque
919 577 987 647 88.
1022 580 1157 648 Petrum
1196 601 1240 650 ex

127 665 206 732 sola
226 664 420 749 plerumque
441 679 552 728 eorum
573 660 778 743 eruditione,
814 663 857 728 de
887 683 953 760 que
983 672 1092 734 tanen
1113 665 1241 734 diversi

128 769 191 835 pro
212 748 318 816 lubitu
341 745 567 814 diversimode
588 754 756 824 statuunt,
779 751 812 813 et
834 749 1050 830 antiquitate,
1084 751 1240 820 fortassis

128 833 233 902 etium
254 831 436 900 sanctitate
458 829 683 898 dimetiuntur.
704 827 748 908 *l
791 828 864 900 Sed
888 831 954 908 illi,
981 833 1066 919 quod
1089 835 1241 903 iraditio-

131 936 213 984 nem
237 915 416 982 Ecclesiae
445 931 506 982 ceu
533 915 660 983 iontem
689 915 830 984 alteram
857 913 1029 984 doctrinae
1060 935 1082 982 o
1108 918 1241 988 christo

136 1001 327 1096 propositae
369 999 574 1148 regenerent,
614 999 713 1096 etiarn
752 997 820 1066 88.
839 999 1001 1096 latrum,
1040 1001 1096 1085 qui
1136 1011 1241 1073 testes

134 1092 215 1150 sont
235 1085 323 1150 illios
345 1088 396 1148 tra
433 1084 550 1160 ironis,
573 1089 798 1150 auctoritatem
819 1091 882 1150 rite
904 1085 1126 1151 determinare
1147 1089 1243 1156 mini-

132 1188 188 1236 me
217 1170 345 1234 valent.
409 1167 455 1234 Et
482 1169 616 1254 insuper
643 1185 687 1235 ex
715 1165 831 1234 eodem
861 1167 950 1235 salso
973 1167 1151 1255 principio,
1179 1193 1243 1257 quo

132 1251 171 1321 8.
200 1252 406 1339 Scriptorum
426 1269 504 1338 'ope
536 1249 642 1317 solius
670 1251 810 1317 rationis
842 1251 1005 1318 humanae
1034 1254 1245 1341 interpretari

134 1345 428 1424 praesumserunt,
470 1335 568 1402 etiam
594 1333 663 1401 88.
686 1336 820 1401 Patrem
857 1355 958 1423 opero
997 1336 1115 1404 eadem
1143 1340 1244 1427 plane

132 1424 275 1489 rationev
288 1425 434 1485 tractent
455 1427 489 1485 et
510 1425 699 1507 exponunt3
732 1439 795 1485 nec
817 1439 976 1506 unquam,
1006 1423 1146 1508 explosa
1174 1426 1244 1490 Ec-

134 1507 263 1575 clesiee
285 1504 511 1576 auctoritaie,
545 1503 669 1569 firmum
692 1503 855 1592 quoddam
892 1505 1055 1572 criterium
1092 1507 1245 1575 invenire

136 1595 293 1743 poterunt
330 1587 549 1670 dijudicandi,
576 1587 707 1670 quinam
735 1605 818 1654 vere
853 1589 1012 1656 censendi
1034 1591 1103 1655 sint
1122 1593 1244 1659 Poires

169 1675 331 1756 eclesiae,
353 1689 414 1738 sen
436 1679 544 1738 testes
566 1672 750 1748 doetrinae,
771 1691 868 1758 quam
890 1672 1046 1740 Cliristus
1066 1676 1245 1744 Ecclesiae

136 1759 314 1831 commisii,
346 1756 412 1822 fide
443 1757 551 1842 digni.
581 1795 623 1807 -
666 1757 822 1841 Plerique
852 1775 933 1822 vero
964 1758 1075 1823 media
1105 1761 1248 1844 quadam

137 1845 197 1911 via
218 1842 424 1919 incedentes,
445 1839 509 1906 bas
529 1845 681 1906 stciuunt
701 1841 854 1926 regulos.
877 1859 1013 1925 quarum
1029 1848 1143 1908 unctor
1155 1849 1248 1911 recle

136 1927 318 2013 noncoprri
339 1931 452 2012 potest
472 1923 636 1991 llelcbior
658 1923 783 2003 Canos,
805 1920 878 2000 ”l
902 1925 957 2011 qni
978 1927 1107 2012 etipse
1128 1927 1194 1994 bac
1214 1929 1248 1994 in

133 2019 234 2100 purte
255 2011 407 2098 uestigia
429 2009 554 2096 pressit
574 2007 613 2076 8.
635 2008 803 2078 vincentii
824 2009 1033 2078 Lirinensis:
1055 2005 1164 2094 iiiior)

81 2205 84 2210 A
200 2127 241 2208 1)
263 2122 463 2218 Sanctorum
486 2119 618 2188 Petrum
641 2121 822 2192 auctoritas
844 2121 919 2190 sive
946 2141 1145 2209 procerum,
1172 2125 1248 2192 sive

264 2207 423 2293 plurium,
453 2225 528 2272 com
556 2205 599 2272 ud
630 2223 690 2272 ecs
726 2207 907 2274 locoltutes
943 2207 1127 2289 reserator,
1161 2227 1247 2295 quoe

267 2291 410 2358 naturali
439 2290 564 2358 lumine
588 2293 815 2368 continentur,
842 2299 937 2358 certa
963 2299 1163 2381 argumenta
1182 2313 1248 2361 non

266 2375 477 2461 suppeditet,
498 2374 562 2441 sed
584 2379 710 2464 tuntum
732 2375 841 2471 valet,
863 2383 1021 2462 qnantum
1043 2377 1129 2448 ratio
1151 2385 1250 2444 naio-

270 2478 329 2525 ruc
350 2465 574 2527 consentanea
594 2465 812 2546 persuaserrt.

209 2576 250 2644 2)
274 2567 472 2636 liniasset
508 2563 654 2640 duorum
674 2570 873 2638 Sanctorum
901 2569 1035 2633 Petrum
1067 2569 1250 2635 auctoribus

274 2653 370 2720 ctiam
399 2653 432 2720 in
462 2655 530 2734 bis,
560 2673 646 2741 qnae
668 2655 710 2720 ad
734 2671 850 2719 sacras
872 2651 990 2718 literas
1012 2658 1048 2718 et
1068 2652 1252 2719 doctrinan

272 2737 349 2803 fidei
373 2739 549 2824 pertinent,
569 2739 741 2824 probabile
763 2737 895 2825 quidem
917 2745 1146 2824 argumentum
1169 2739 1252 2806 sub·

270 2823 457 2890 ministrare
480 2831 607 2910 potest,
626 2823 749 2890 ilrmom
773 2839 853 2890 uero
876 2839 940 2887 non
964 2827 1086 2906 potest.

202 2937 241 3016 3)
265 2935 408 3002 l’lurium
428 2935 628 3004 Sanctorum
645 2937 775 3002 Petrum
798 2935 990 3012 auctoritas,
1012 2935 1149 3022 reliquis
1172 2935 1252 3004 lieet

270 3021 482 3168 paucioribus
504 3019 783 3098 reclamantibus,
805 3019 1118 3136 lirmourgumenta
1139 3017 1252 3088 Theo-

283 3123 350 3194 ogo
371 3104 527 3174 sulficere
549 3112 584 3172 et
606 3112 778 3191 praestare
800 3120 865 3168 non
889 3104 990 3170 ialet.

197 3387 224 3447 'l
243 3389 345 3442 Woleb
366 3390 499 3440 lllbllolb·
518 3391 631 3442 Potrici·
651 3402 678 3440 o·
696 3391 745 3442 iit.
765 3387 811 3450 88·
831 3384 877 3440 90.
899 3385 1034 3440 150-le
1054 3389 1083 3436 et
1097 3387 1176 3437 Danr.
1194 3389 1252 3436 lul-

249 3463 291 3510 tia
307 3463 450 3512 doctrinae
469 3462 635 3513 intristicae
651 3459 680 3521 S·
700 3458 744 3510 51.
780 3461 822 3510 ltu
841 3469 946 3521 quoque
965 3456 1091 3517 lipitome
1109 3456 1253 3508 Formoiae

247 3527 417 3582 Concordiae
435 3543 461 3580 e.
481 3533 503 3580 Ι.
523 3545 551 3582 n.
570 3531 598 3582 2.
634 3529 725 3588 (Libri
749 3529 868 3592 symbol·
888 3528 1026 3578 ecclesiae
1046 3525 1181 3592 Evangel.
1207 3529 1251 3582 ed,
1323 3558 1326 3566 .

247 3600 333 3648 naue.
353 3601 464 3661 Lipsiae
484 3599 562 3652 1827.
602 3601 665 3650 vol.
685 3601 721 3649 li.
741 3612 769 3660 p·
788 3596 939 3660 oio-ii),
958 3598 1158 3660 quaestatuli:
1176 3596 1253 3657 „Pa-

250 3673 323 3718 trem
341 3673 447 3730 scripta
466 3700 475 3718 .
496 3701 504 3718 .
525 3701 533 3718 .
553 3701 561 3719 .
580 3675 669 3721 saeris
687 3669 778 3720 literis
796 3681 967 3732 nequaquam
986 3670 1051 3716 sunt
1068 3670 1253 3730 aequiparan-

249 3741 301 3792 αι.
325 3742 375 3788 seri
400 3743 532 3790 universo
557 3741 615 3790 illis
641 3742 678 3790 iia
702 3734 881 3802 subjicienda
907 3741 989 3798 sunt,
1014 3741 1048 3787 ut
1068 3738 1125 3787 alia
1148 3739 1253 3787 ratione

251 3820 302 3856 noo
323 3812 512 3870 recipiantur,
538 3814 593 3860 nisi
611 3809 722 3860 tertium
742 3811 819 3868 loco,
847 3811 893 3871 qui
912 3811 1046 3871 doceant,
1060 3804 1142 3870 'quod
1169 3811 1253 3858 etiarn

249 3882 310 3938 post
329 3881 519 3938 amulorum
538 3883 661 3942 tempora
680 3885 709 3930 et
728 3879 875 3942 inquibus
893 3879 1016 3941 portibus
1033 3878 1110 3930 orbis
1129 3880 1253 3928 doctrina

249 3949 300 3998 illo
317 3949 515 4011 Prophetarum
534 3954 563 4000 ct
581 3949 774 4012 Apostolorum
793 3952 932 4000 sincerior
950 3954 1113 4000 comerenta
1130 3944 1201 3996 sill·

178 4039 230 4099 ”l
249 4045 290 4094 lle
309 4046 380 4096 loeis
397 4035 520 4110 ibeo'log·
539 4047 559 4095 i.
581 4046 606 4097 7.
627 4059 651 4097 o·
670 4049 698 4100 3.

159 4135 234 4198 ml
250 4135 434 4198 §.uincere
453 4143 543 4194 Iilrin·
563 4145 779 4208 commonitor„
804 4147 967 4208 praesertim
993 4145 1054 4194 ciii
1074 4145 1103 4190 et
1120 4141 1148 4190 3.
1178 4134 1207 4185 19
1226 4137 1256 4184 et

253 4211 299 4262 20.
318 4213 385 4272 (ed.
404 4211 525 4274 arium)
1029 4277 1050 4334 3
