2866 4668
128 519 185 608 qni
206 535 305 587 sacro
320 505 522 602 baptismate
535 516 728 603 regenerati
746 517 890 596 inerant,
912 535 995 582 cum
1007 517 1156 599 ejusdem
1177 537 1237 588 sa·
1369 513 1372 524 '

4 635 5 656 κ
127 602 309 682 eramenti,
346 606 414 668 tum
446 600 604 678 aliorum,
638 616 725 684 puae
759 601 857 667 simol
893 601 1038 668 conferri
1071 603 1236 684 solebant,

4 715 5 718 ¹
127 685 398 754 euutirmationia.
413 683 546 750 scilieet
572 690 608 750 ct
635 703 683 748 ss.
705 683 927 752 eucharistiae
952 686 1110 751 rationem
1135 693 1237 771 atque

127 771 334 839 ceremonias
365 765 540 834 declarare
567 767 728 852 suscepit.
784 767 925 835 Primum
953 768 1055 854 igitur
1076 775 1153 853 post
1173 789 1236 836 cx-

126 855 286 941 plicatam
314 852 382 918 oris
410 858 511 936 atquc
541 852 668 917 aorioui
693 850 917 936 apertionem,
946 871 987 918 uc
1014 859 1236 936 memoratam,

127 957 216 1042 onae
237 933 337 1010 debat
357 932 391 1001 iu
413 933 619 1020 baptisterio,
640 935 854 1018 ejurationem
886 936 1054 1021 fontisque
1077 933 1236 1004 henedic-

4 1037 6 1078 ἰ
126 1029 267 1101 tionem,
289 1037 407 1087 recens
430 1019 618 1104 baptizatos
641 1018 758 1096 docet,
780 1019 844 1084 nou
868 1039 976 1106 uqrrae
996 1020 1159 1106 simplicis
1180 1021 1236 1087 ei-

4 1139 5 1176 r
127 1105 263 1186 ficaria,
292 1103 355 1170 sed
379 1103 549 1189 praesenti
571 1099 718 1189 Spiritus
739 1101 777 1167 s.
801 1105 924 1170 virtute
945 1106 1236 1190 regenerationem

4 1223 7 1264 r
109 1187 263 1278 perram
293 1185 379 1276 qrrod
402 1193 436 1252 nt
459 1187 595 1272 proluet,
617 1187 712 1250 vario
733 1205 750 1248 s

124 1276 329 1370 uramentum
351 1272 384 1336 iu
406 1269 524 1368 Veteri
548 1270 644 1354 Lege
667 1187 1049 1368 pneffinronrg'hqrgptus
1063 1187 1236 1356 affingit,

124 1355 224 1424 simul
252 1353 333 1420 rode
360 1353 552 1442 colligens,
584 1369 715 1419 sueram
748 1353 836 1419 iiiam
864 1353 1233 1436 ahiatrunemeundeoi

126 1457 261 1523 semper
282 1439 435 1502 edentum
456 1437 627 1520 obtinere,
649 1453 721 1503 cunr
744 1437 786 1502 ad
809 1456 884 1504 curn
907 1431 1056 1524 probitas
1077 1438 1235 1523 improhi-

125 1531 227 1590 tasve
247 1521 388 1588 ministri
410 1519 491 1586 nihii
514 1520 665 1585 conterat
685 1527 733 1600 (c.
757 1523 882 1596 tan).
935 1519 1013 1586 rtox
1037 1528 1150 1586 narrat
1171 1541 1234 1586 ex-

125 1602 314 1673 cedentium
336 1621 357 1670 e
380 1599 512 1702 vipidcc
534 1601 670 1702 lauacro
692 1619 866 1702 accessum
894 1603 937 1669 ad
960 1605 1184 1692 Episcopum,
1212 1623 1234 1669 u

127 1693 535 1849 adddidroastindldlgdfdtz:
556 1703 598 1837 gr
600 1694 757 1869 prfrtrffdid:
767 1687 944 1857 0133aeng
947 1685 1236 1868 coegirlrruotrnriageedff

117 1853 239 1950 ¹tione,
295 1863 396 1921 nanta
425 1855 552 1921 iactrtra
581 1855 623 1921 uh
655 1853 804 1924 famuliae
835 1873 918 1920 suae
951 1852 1239 1938 amplificationem

126 1939 257 2028 gestiet
310 1939 435 2005 eclesia
456 1945 573 2020 mater,
595 1935 777 2025 depromtis
797 1954 841 2004 ex
864 1937 1003 2006 cantico
1025 1935 1237 2006 canticorum

127 2019 305 2090 sententiis
332 2023 502 2110 exprimit,
531 2029 759 2108 acceptaeque
779 2021 875 2104 simul
900 2019 1163 2100 corriti—murium
1183 2019 1239 2086 ei-

127 2108 239 2174 icetos
256 2105 433 2194 'subiungit
453 2113 501 2186 (c.
524 2102 652 2186 Μ).
685 2105 789 2174 Porro
810 2105 976 2172 indicatur
997 2104 1238 2190 neophytorum

126 2209 150 2258 s
175 2193 369 2278 baptisterio
391 2189 437 2258 ud
456 2191 566 2259 altare
588 2190 779 2276 processio,
807 2197 842 2255 nt
871 2189 915 2256 ihi
943 2211 993 2258 ss.
1014 2187 1237 2256 eucharistiae

124 2283 336 2342 sacramento
364 2275 573 2360 reficianturp
602 2280 702 2372 utque
733 2280 769 2340 ut
795 2274 893 2358 hujus
922 2273 1124 2341 sacramenti
1152 2273 1236 2338 ratio

124 2366 366 2440 cognoscatur,
393 2357 525 2424 cunctis
546 2362 675 2423 veteris
695 2353 908 2446 Synagoglte
930 2356 1150 2423 sacramentis
1172 2355 1236 2420 hoc

126 2441 233 2528 ipsum
263 2441 462 2524 antiquitate
493 2445 528 2506 ct
558 2441 753 2504 excellentia
806 2437 1036 2506 raclerendnm
1065 2453 1144 2503 esse
1173 2435 1237 2503 de-

4 2523 6 2566 i
125 2529 306 2596 monstrat,
334 2530 402 2588 tum
431 2513 519 2610 quod
542 2521 648 2628 panis
669 2533 712 2590 tic
730 2523 767 2588 iri
791 2535 845 2588 utu
868 2519 1026 2588 Abrahae
1047 2521 1237 2586 notarunt

126 2601 382 2674 Melchisedeko
406 2601 638 2688 hucharrstiae
661 2601 772 2692 dgura
794 2601 959 2682 extiterit,
981 2606 1050 2669 turn
1071 2603 1159 2687 quod
1181 2605 1236 2688 ip-

126 2707 200 2757 sum
222 2685 364 2767 Manna,
385 2703 449 2775 (pou
472 2683 553 2754 nihii
574 2687 726 2777 sanutus
748 2687 935 2755 hahuerunt
956 2685 1148 2758 heraclitae,
1171 2687 1236 2752 hoc

125 2773 319 2859 mysterium
340 2771 472 2838 intinite'
489 2773 674 2858 praecellat
695 2777 740 2852 (c.
762 2771 823 2849 8.)'.
878 2773 924 2838 At
953 2771 1030 2857 quia
1057 2767 1236 2853 neophytis

123 2858 161 3009 {i
182 2853 1237 3025 ttl‘itzriltih‘'littltiuiiiltiitoilla?

118 3023 279 3111 lectionis
308 2987 505 3090 sohrtionem
535 3021 745 3110 aggreditur.
789 3017 979 3108 iltpropter
1004 3025 1040 3083 ut
1061 3017 1235 3104 repudiato

124 3119 284 3176 sensuum
307 3120 537 3190 corporeorum
559 3104 750 3170 testimonio
770 3120 888 3188 paoem
911 3105 943 3170 io
959 3101 1091 3168 Domini
1112 3119 1235 3186 corpus

124 3189 329 3260 sacerdotali
352 3187 585 3254 benedictione
605 3187 756 3256 converti
777 3195 869 3254 certe
889 3191 1037 3258 teneant,
1054 3203 1120 3250 non
1137 3183 1235 3250 modo

125 3271 314 3341 clarissima
334 3283 489 3356 quaeque
507 3270 687 3347 miracola,
721 3271 842 3358 quihus
862 3272 1021 3336 mutatam
1043 3265 1150 3333 inisse.
1171 3283 1237 3330 na-

4 3363 5 3388 *
125 3361 232 3425 turam
261 3353 316 3421 vei
343 3355 444 3420 etiarn
473 3370 498 3420 c.
521 3349 625 3420 nihilo
651 3361 799 3421 creatam
829 3351 931 3440 prisci
951 3350 1160 3418 Testamenti
1181 3347 1236 3414 ic·

125 3447 204 3508 runt
225 3437 377 3517 tabulae,
407 3439 439 3503 iu
462 3432 604 3504 medium
625 3439 769 3522 profert,
797 3451 912 3505 veram
932 3435 1034 3503 etiam
1057 3431 1236 3499 miraculo-

4 3565 7 3600 ,
117 3545 196 3598 rum
226 3523 367 3588 omnium
397 3521 571 3588 maximum
598 3523 700 3602 citat,
727 3521 851 3590 t'hristi
880 3521 1011 3590 scilicet
1031 3515 1236 3583 incarnatio-

124 3625 211 3676 ncm.
246 3605 399 3690 [lenique
421 3602 679 3672 accommodatis
700 3593 1016 3672 iterumversicniis
1038 3599 1235 3688 plausuum

125 3691 257 3760 Cantici
280 3689 489 3756 canticorum
511 3697 645 3768 monet,
669 3694 706 3755 nt
730 3695 895 3756 secretum
926 3692 1139 3773 praestantes
1160 3703 1235 3769 my-

126 3775 231 3844 sterio
253 3770 344 3852 huic,
364 3781 400 3840 et
421 3759 589 3840 Utrutm
611 3768 934 3839 diversisvirlutum
957 3769 1119 3835 fructibus
1139 3768 1172 3834 in
1192 3788 1233 3834 se

125 3865 307 3942 pascentes
328 3857 518 3924 Ecclesiam
544 3855 753 3936 exhilarent,
779 3873 842 3922 nec
862 3855 900 3920 iu·
920 3862 1085 3940 posterum
1107 3847 1149 3918 de
1170 3869 1234 3916 sua

126 3941 384 4028 regeneratione
404 3953 557 4026 norpaarn
569 3939 722 4006 dubitent
742 3944 787 4016 (c.
800 3943 855 4015 n).
877 3977 918 3990 -
961 3937 1066 4003 maro
1084 3935 1159 4000 huic
1181 3933 1235 3996 iu-

126 4023 239 4108 signis
260 4023 423 4106 quaedam
443 4022 592 4089 minitas
613 4037 685 4089 cura
708 4022 953 4111 mystagogiois
966 4021 1005 4088 S.
1018 4015 1234 4105 Cyriiiillie·

10 4150 14 4184 ,
126 4105 356 4192 rosoiymitani
369 4101 613 4178 Caiuhesihue
634 4105 823 4178 intercedit.
901 4165 908 4174 .
