2886 4660
1189 279 1249 344 iia

129 447 229 527 mam
262 458 513 542 subjunguntur
547 445 750 516 'l'estimouid
777 447 934 516 Vetemm
963 448 1006 519 de
1035 450 1102 520 icto
1132 421 1274 532 Patres

130 543 274 632 propriis
297 559 413 610 eorum
436 536 550 604 verbis
570 536 689 600 relata.

214 655 360 739 Insuper
384 646 428 716 de
449 643 614 737 Operibus
637 645 675 711 S.
697 645 808 711 Patris
829 645 1016 730 generatim
1037 645 1166 744 agitur,
1191 645 1247 714 dc·

133 739 334 830 perditorum
357 739 474 805 ctiam,
497 737 652 818 quantum
680 730 752 798 sieri
784 737 914 815 potest,
946 730 1094 819 vestigia
1126 733 1246 818 quui-
1322 762 1335 805 ,ς

132 831 263 904 cuntur,
287 820 433 888 Codices
456 817 563 892 lisa,
586 833 720 902 quorum
744 815 786 879 ab
803 813 931 880 editore
949 813 1020 880 sieri
1035 816 1140 902 proluit
1154 837 1247 894 usus.

133 909 331 992 singillatim
354 907 572 970 recensentur
587 906 622 964 et
637 905 793 964 accurate
806 895 1038 965 describuntur
1055 897 1160 985 quoad
1186 919 1247 966 ae-

135 1000 236 1058 tatem
258 1000 292 1057 et
314 990 454 1080 pretium
477 986 701 1054 intrinsecum.
722 983 886 1048 editiones
909 983 1037 1068 priores
1052 1004 1248 1050 enumeran-

135 1085 202 1149 tur.
225 1091 404 1160 earumque
426 1073 567 1137 virtutes
588 1075 623 1133 et
645 1065 799 1136 deiectus
820 1065 1028 1148 indicantum
1050 1087 1147 1153 porro
1161 1070 1249 1136 seri-

135 1181 173 1228 es
195 1161 375 1236 historice,
397 1176 461 1246 qua
484 1153 597 1240 Opera
620 1153 686 1218 ista
707 1151 740 1218 iu
762 1153 870 1217 luccrn
892 1151 1017 1218 emissa
1037 1160 1116 1218 stitit
1149 1159 1249 1240 atquo

135 1246 169 1314 iu
192 1245 340 1312 editione
362 1245 430 1310 isla
451 1257 530 1306 sese
553 1237 733 1320 excipiunt,
755 1236 962 1322 argumentis
985 1235 1122 1324 prolatis
1144 1237 1249 1304 uindi-

137 1339 248 1410 catur,
272 1328 467 1415 praesertim
491 1321 704 1406 epistolarum
735 1320 816 1386 ordo
844 1326 998 1388 accurate
1025 1320 1156 1408 ligitur3
1185 1321 1248 1390 de·

136 1410 561 1565 ili'iu‘liiiitilll
584 1404 997 1555 iiiiiiiillil·¹⁰¹¹“
1017 1407 1137 1490 ⁰²¹⁹““’
1162 1425 1249 1508 ‘¹¹¹·¹¹⁰

139 1523 336 1682 telligdddtur
357 1579 436 1672 (ex.
460 1598 513 1672 gn
536 1513 630 1640 iupS.
655 1509 916 1658 Hilariolffrel'
931 1509 982 1640 and
1000 1509 1249 1646 ddddrddddsdds

139 1669 216 1736 fider
239 1669 417 1738 hodiernos
439 1659 644 1730 decidendas
665 1659 800 1724 multum
824 1657 976 1724 conferre
999 1666 1138 1742 possunt
1169 1656 1249 1743 (ex.

139 1777 192 1848 gr.
217 1753 249 1820 in
272 1752 310 1820 S.
325 1749 461 1836 ‘cyrillo
482 1735 740 1831 Hierosolyma]-
789 1741 944 1831 Singulis
966 1762 1061 1828 porro
1084 1740 1251 1828 (iperibue
1312 1739 1316 1748 '

140 1839 304 1929 proaemitii
340 1835 452 1901 solent
493 1830 620 1896 Monila
647 1847 709 1892 seu
745 1825 1012 1904 Admonitionem
1034 1827 1165 1911 quibus,
1194 1831 1253 1896 ubi

142 1931 273 2011 propter
296 1928 386 1986 uiola
418 1916 519 1982 dubia
548 1934 632 1999 opus
658 1911 766 1978 visum
796 1911 913 1990 fucrit,
943 1929 1055 1976 eorum
1084 1909 1251 1982 vindiciae

141 2017 305 2098 aguntur,
328 2000 588 2070 elucubrationis
610 2005 740 2082 tempus
761 1997 935 2070 statuitur,
956 1994 1090 2062 occasio
1113 2003 1146 2062 cl
1173 2018 1252 2065 sco·

166 2115 204 2160 us
227 2093 408 2166 iudicatur,
428 2084 516 2152 haud
539 2101 613 2149 raro
635 2083 733 2146 etiam
755 2080 943 2165 argiuucnli
975 2080 1127 2166 anulysis
1153 2083 1254 2150 exhi-

141 2117 237 2246 detur
260 2185 311 2258 et,
333 2191 420 2260 qnae
447 2177 527 2236 snut
554 2165 630 2264 huic
651 2164 753 2252 (iperi
776 2167 922 2252 propria,
949 2171 1116 2235 notantur.
1157 2165 1253 2236 idem

141 2265 175 2330 iu
198 2262 309 2336 dubiis
331 2275 459 2346 quoque
481 2259 516 2322 et
537 2253 660 2336 ¹spruris
683 2250 858 2337 operibus,
881 2251 1015 2318 breuius
1037 2253 1253 2331 iuuenilem

142 2349 243 2414 solet.
302 2345 484 2410 Praeterea
512 2337 576 2402 duo
604 2336 738 2400 ludices
773 2337 813 2400 ad
849 2336 974 2401 calcem
1002 2340 1068 2400 tam
1097 2336 1252 2423 singulo-

143 2453 219 2498 rum
240 2429 458 2496 Voluminum.
480 2441 576 2508 qnam
598 2420 699 2486 totius
714 2417 871 2485 editionis
885 2419 1023 2504 adjungi
1038 2418 1159 2496 solent,
1174 2439 1253 2566 ipro·

146 2537 219 2582 rom
243 2515 331 2603 prior
351 2511 440 2576 locos
460 2505 498 2574 S.
531 2504 727 2596 scripturae
755 2496 877 2568 ibidem
909 2502 1081 2588 expositos
1114 2509 1149 2566 et
1174 2505 1254 2568 ilu-
1363 2531 1367 2538 ·

147 2607 277 2668 stratos
297 2595 438 2664 continet
458 2589 515 2682 [i.
539 2610 642 2674 suipra
664 2573 701 2664 S.
730 2589 782 2652 20.
814 2606 845 2651 u.
868 2580 938 2672 3.),
965 2584 1051 2650 alter
1080 2602 1186 2652 reruni
1217 2586 1254 2651 in

147 2683 315 2770 Operibus
337 2676 404 2746 SS.
428 2677 560 2742 Patrem
584 2674 752 2739 obuiorum
777 2677 990 2755 conspectum
1012 2666 1255 2753 alphabeticum

145 2769 293 2837 exbibet.
316 2765 350 2844 ⁴⁵)
397 2763 546 2845 Denique
568 2759 667 2826 eiiam
691 2757 862 2822 Editorum
891 2753 1055 2826 nonnulli,
1086 2761 1122 2818 ut
1153 2755 1254 2820 Rern.

147 2851 445 2927 deucalionem,
474 2843 673 2911 editionibus
699 2843 772 2907 suis
801 2836 1015 2907 Onomasticu
1047 2835 1254 2921 adjecerunt,

146 2939 267 3026 quibus
300 2953 423 3020 magno
451 2928 636 3016 legentium
665 2925 834 2993 commodo
864 2943 928 2991 uuo
957 2931 1138 3019 conspectu
1166 2924 1262 3002 rofe-v

147 3031 263 3092 cuntur
283 3019 378 3086 simul
401 3021 436 3082 el
457 3015 899 3100 explicantur·occirrrentes
920 3009 954 3074 in
975 3008 1068 3074 libris
1081 3009 1254 3092 counradum

149 3109 188 3174 S.
211 3107 321 3172 Patris
345 3103 402 3169 vel
424 3117 534 3166 nortae
557 3115 678 3163 voces.
706 3095 761 3161 uel
784 3091 968 3182 singularis
996 3093 1094 3178 eique
1125 3093 1254 3160 auctori

150 3189 328 3280 peculiaris
350 3179 617 3276 significationis.
639 3181 693 3260 θ’)

201 3511 233 3573 *)
250 3517 397 3578 nmquam
417 3525 513 3563 norma
531 3510 654 3573 perlecta
673 3507 739 3555 talio
755 3505 860 3554 indicis
873 3502 907 3550 ab
921 3499 1045 3550 [iraditio
1061 3497 1191 3550 laudatur
1208 3503 1255 3550 ln-

256 3590 310 3638 dex
334 3581 594 3647 rerumgenorulis
617 3583 647 3628 iu
671 3577 765 3626 omnin
784 3574 874 3635 opera
891 3573 920 3619 ⁸·
941 3572 1110 3632 augustini,
1144 3575 1171 3621 in
1201 3571 1255 3623 dno

256 3659 327 3708 edii.
343 3657 506 3719 maurinae,
529 3663 609 3715 quam
628 3648 752 3699 cirniccit
770 3647 802 3696 D.
822 3643 917 3694 Claud.
937 3635 1060 3690 (incauli
1078 3651 1114 3691 ex
1131 3642 1257 3706 Gorgia.

240 3731 315 3792 ngat.
334 3727 364 3775 s.
382 3725 485 3774 Mauri.

183 3821 232 3887 **)
251 3827 292 3878 De
310 3827 347 3876 ils
363 3824 505 3880 omuibus,
525 3821 624 3883 quilius
641 3819 781 3870 editiones
798 3815 908 3862 neiron
932 3811 1189 3870 percellentissimae
1211 3811 1257 3860 ln-

254 3899 379 3960 aignitae
397 3905 460 3944 eme
480 3891 598 3951 debent,
615 3889 738 3940 conferri
755 3889 843 3946 potent
863 3881 969 3932 Natalia
988 3882 1112 3943 Argoura.
1130 3883 1165 3930 rie
1183 3883 1258 3942 opti-

256 3980 302 4018 nn
320 3966 448 4016 mnibono
467 3963 579 4024 tegenti.
598 3960 741 4010 Ecclesiae
763 3957 872 4006 Patron
897 3953 927 4000 Ρ.
947 3952 998 4002 lv.
1023 3963 1049 4000 c.
1076 3953 1100 4004 7.
1121 3950 1149 4002 8.
1175 3949 1201 4000 9.
1229 3953 1257 3996 ct

257 4039 408 4099 praecipue
434 4031 595 4110 caillaupin
620 4031 688 4092 opp·
716 4031 744 4080 s.
764 4025 893 4090 Gregorii
917 4023 1051 4074 Nominum
1076 4023 1134 4078 (ed.
1155 4017 1256 4072 Maur.)

258 4109 349 4162 1211.
379 4101 503 4156 praelat.
528 4102 589 4152 Art.
611 4101 659 4152 ili.
