2886 4660
108 541 186 586 aran
212 520 245 585 in
282 519 438 606 adeptae
469 520 670 608 cognitionis
699 522 924 606 experimento
948 511 1006 590 vdin
1031 524 1229 607 multumque

106 624 183 670 sese
204 607 403 671 exercuerit
425 612 573 691 oportet3
608 612 742 692 praeter
764 607 936 672 verboram
959 609 1105 672 notitiam
1136 608 1227 692 peni·

107 701 158 754 tus
180 689 283 754 ctiam
310 693 464 754 auctoris
486 691 537 754 sui
560 695 790 777 argumentum
814 704 1022 776 perspectum
1047 691 1228 756 habeatin-

107 791 257 854 tcrpres,
281 775 352 837 imo
378 773 421 836 ad
443 774 534 856 ipsos
558 773 669 838 lentes
691 774 890 859 aliquando,
913 796 932 840 e
956 777 1072 858 quihus
1095 776 1152 841 ille
1173 785 1227 838 str-

109 879 158 920 am
181 857 295 920 hausit
320 857 521 933 doctrinam,
545 867 696 923 recurrat
717 865 865 942 oportet:
888 861 922 937 *)
946 860 978 924 in
1001 861 1076 924 aliis
1099 879 1228 946 quoque

110 942 269 1012 scientiis,
294 959 387 1023 uuas
411 960 472 1005 ceu
496 943 607 1024 operis
628 943 680 1006 sni
703 950 926 1008 ornamentum
950 952 1007 1008 aut
1029 946 1114 1009 bona
1136 961 1230 1028 prae·

110 1025 194 1088 sidia
213 1035 332 1092 arictor
357 1023 525 1098 adhibuit,
548 1033 704 1091 uersatus
725 1025 791 1110 sit3
812 1024 954 1110 denique
969 1028 1133 1112 interpres
1145 1045 1228 1114 gru-

111 1109 243 1174 sissimo
266 1111 503 1196 acerrimoque
518 1109 645 1192 judicio
669 1109 840 1195 praeditus
861 1113 906 1175 sit
928 1129 1069 1178 necesse
1092 1119 1155 1189 est,
1176 1117 1229 1174 at-

110 1213 169 1276 qua
197 1196 351 1258 auctoris
375 1196 427 1258 sui
451 1211 624 1277 personam
647 1193 732 1258 adeo
755 1193 906 1260 studiose
929 1195 1066 1268 induat,
1089 1201 1123 1259 ut
1145 1207 1232 1258 nona

109 1277 168 1341 nisi
192 1296 278 1342 unus
302 1277 465 1364 idemque
486 1277 519 1342 iu
542 1276 680 1350 duobus,
700 1285 736 1342 ut
756 1279 803 1344 ita
825 1278 950 1357 dicam,
971 1279 1145 1345 simillimis
1160 1296 1231 1340 cor-

112 1362 240 1444 poribus
264 1361 395 1448 rigere
418 1362 554 1447 spiritus
577 1361 739 1427 videatur.
782 1363 861 1448 lpsa
883 1381 946 1448 rpuo
971 1381 1012 1428 ue
1035 1363 1147 1428 tersio
1171 1360 1229 1427 du·

111 1447 195 1510 tibus
218 1446 424 1528 quibasdam
448 1445 629 1511 dillrralter
651 1446 863 1512 inveniendis
885 1455 921 1512 et
949 1382 1116 1513 difficilius
1146 1463 1228 1511 con·-

110 1530 290 1612 jnnucndis
314 1530 475 1614 insigniri
499 1529 612 1601 «lebeta
635 1529 778 1596 feliciter
799 1533 917 1617 quippe
930 1538 995 1596 tum
1011 1534 1139 1596 demum
1153 1548 1228 1596 suc·

114 1614 221 1685 redit,
244 1634 315 1680 curu
347 1613 488 1679 fideliter
521 1615 614 1699 uuis,
648 1615 739 1680 clare
765 1621 800 1681 et
826 1617 1020 1700 perspicue,
1051 1616 1229 1702 eleganter

115 1705 319 1784 servataque
358 1699 400 1763 ad
434 1703 558 1762 textum
590 1700 802 1782 proportione
832 1694 920 1786 (non
952 1691 1228 1786 paraphrastice]

113 1784 365 1879 interpretatur.
416 1780 488 1848 Sed
511 1802 624 1867 parum
649 1784 835 1873 constantis
865 1780 1098 1848 moderationis
1124 1781 1228 1868 pleri-

115 1887 175 1951 que
198 1872 406 1950 interpretes
425 1872 556 1940 tenent,
579 1865 654 1930 dum
677 1867 733 1930 alh
755 1869 788 1932 in
811 1868 973 1930 vertendo
1002 1867 1121 1930 literne
1151 1881 1229 1928 ser·

115 1954 222 2016 viliter
244 1953 443 2020 inhaerent,
466 1949 522 2014 ahi
541 1951 633 2032 justo
657 1949 794 2017 liberius
816 1961 1008 2036 evagantes
1035 1969 1101 2014 non
1131 1945 1228 2014 modu

115 2035 276 2118 phrases,
299 2055 416 2100 rerum
441 2035 540 2098 etiam
564 2035 716 2121 integras
736 2039 924 2102 sententias
948 2053 1005 2120 pro
1030 2034 1132 2098 lubitu
1154 2041 1226 2097 tex·

116 2121 159 2184 tui
175 2121 342 2184 inserunt.
365 2117 430 2190 llli,
446 2117 564 2202 quibus
583 2119 778 2202 praeplacet
798 2128 891 2186 arcta
914 2129 948 2184 et
971 2139 1091 2204 pressa
1114 2115 1227 2192 dictio,

116 2204 274 2287 uestigiis
298 2202 445 2269 auctoris
469 2203 631 2267 tenaciter
649 2202 832 2282 inhaerent,
846 2214 880 2268 ut
896 2205 937 2270 ud
954 2205 1049 2270 fidem
1066 2203 1226 2286 interpre-

116 2289 232 2354 tationi
255 2293 517 2354 consentaneam
542 2287 724 2372 pertigisse
746 2289 940 2363 videantur:
963 2289 1023 2354 sed
1047 2286 1121 2352 dum
1147 2305 1225 2350 ver-

119 2374 191 2437 tinm
215 2391 236 2436 e
258 2374 362 2437 verbo
385 2390 448 2437 uon
472 2371 547 2436 sine
568 2373 806 2456 superstitione
825 2371 1027 2438 contendunt
1057 2371 1225 2454 exprime-

118 2477 167 2530 re,
187 2458 247 2534 ”)
269 2457 304 2520 in
326 2456 406 2521 uitia
429 2457 600 2521 incurrunt
621 2455 864 2531 intolerabilia,
897 2457 1135 2522 obscuritatem
1157 2452 1227 2516 sci·

120 2539 407 2615 licebsermouem
428 2541 647 2615 inamoenum,
669 2540 855 2616 incomtum,
875 2542 997 2605 erilem
1020 2545 1054 2602 et
1075 2536 1228 2602 salebro-

121 2641 214 2694 sum:
238 2622 326 2689 trade
346 2621 422 2688 illud
443 2625 545 2689 etiam
567 2621 765 2688 incommodi
787 2622 917 2699 accidit,
939 2628 975 2686 ut
997 2621 1073 2686 dum
1096 2619 1155 2698 illi,
1173 2617 1228 2702 qni

121 2706 254 2772 nonnisi
276 2707 398 2772 latinae
419 2707 558 2794 linguae
580 2707 679 2792 gnari
701 2712 798 2782 sunt,
835 2705 920 2770 adeo
942 2705 1091 2770 elumbes
1113 2709 1149 2768 et
1175 2706 1228 2768 io·

121 2797 219 2875 eptas
242 2791 357 2857 videat
383 2791 697 2875 interpretationes,
725 2792 818 2874 ipsos
842 2791 960 2858 Patres
990 2791 1107 2861 minus,
1131 2807 1227 2874 quam

122 2876 224 2971 vulgo
249 2876 384 2953 dicitur,
408 2875 557 2940 eruditus
579 2883 614 2940 et
637 2874 782 2941 disertos
813 2875 919 2942 luisse
946 2879 1126 2940 autument.
1155 2873 1227 2942 aas)

123 2961 187 3024 atu
210 2961 370 3026 ubertatis
392 2957 623 3025 ostendendae
646 2977 761 3032 causa,
781 2960 1003 3026 obtendentes
1020 2965 1227 3032 praetentum

122 3045 254 3124 majoris
282 3043 547 3130 perspicuitatis,
577 3043 716 3110 liberum
743 3045 936 3129 laxumque,
973 3045 1164 3109 laciniosum
1193 3049 1229 3107 et

124 3127 407 3214 paraphrasticum
430 3125 583 3193 vertendi
604 3125 734 3194 modum
754 3135 925 3194 sectantur
947 3148 1010 3194 sua
1031 3127 1228 3212 permiscen-

129 3327 333 3344 ——an——no

174 3445 201 3510 *t
219 3457 266 3504 stc
284 3458 331 3518 qut
349 3459 379 3505 ts.
399 3459 510 3507 treusei
528 3459 603 3520 Opus
621 3463 721 3508 eontra
738 3460 867 3508 haereses
887 3455 1069 3513 interpretari
1098 3451 1229 3511 voluerit,

224 3529 280 3574 utst
301 3527 475 3586 phantastica
493 3522 686 3578 Gnosttcorum
706 3533 858 3588 systemata
880 3530 1014 3576 accurate
1033 3525 1159 3579 noverit,
1178 3531 1229 3582 pa-

222 3609 283 3644 rurn
303 3597 427 3658 proteret
445 3603 473 3648 et
492 3597 657 3662 trequentes
674 3598 796 3647 labetur.

154 3687 202 3750 **)
219 3694 303 3742 'l'ates
330 3695 499 3756 interpretes
523 3695 726 3760 §.Gregorius
753 3697 790 3743 ht.
811 3697 874 3756 apte
900 3692 1034 3742 desertblt
1057 3693 1100 3740 his
1119 3692 1228 3741 verbis:

224 3764 315 3820 „Dum
335 3767 423 3814 verba
440 3770 600 3816 custodiunt
619 3769 648 3816 et
666 3777 765 3815 seusus
783 3767 896 3814 rututme
916 3766 1073 3820 intendunt,
1093 3775 1144 3811 nec
1163 3773 1230 3809 ver-

227 3836 262 3882 ba
281 3834 404 3898 iutelttgt
424 3837 531 3886 metuat
550 3843 579 3886 et
596 3849 695 3887 seusus
714 3831 880 3898 trangunt.“
921 3837 949 3880 ὃ.
969 3835 1102 3898 Gregortt
1121 3834 1160 3882 ut.
1179 3832 1229 3880 ltu.

211 3901 252 3953 .7.
272 3915 317 3964 ep.
336 3903 383 3955 30·
420 3905 464 3955 ct.
484 3911 515 3956 s.
535 3908 659 3957 ltttartus
678 3909 711 3956 rte
728 3908 848 3968 synodis
867 3917 895 3954 ιι.
914 3902 942 3954 9.

141 3995 204 4058 ”ll
223 3997 366 4063 Ejusmodi
384 4007 481 4054 versio
500 4007 543 4053 est
560 4007 670 4056 vetusta
689 4005 746 4064 tila,
767 4018 820 4069 qua
837 4004 897 4054 sola
922 4003 951 4050 S.
973 4002 1082 4052 treusel
1103 3999 1230 4061 praeola-

222 4083 284 4122 rum
302 4076 439 4124 advorsus
457 4075 586 4124 haerese
594 4077 668 4137 opus
686 4087 787 4138 graece
807 4076 873 4124 oltra
892 4077 1024 4133 scriptum
1045 4075 1165 4122 aetatem
1186 4071 1232 4115 tu-

225 4143 278 4262 mh
306 4145 414 4196 stritus
433 4157 538 4208 queque
558 4150 602 4196 eat
619 4149 713 4196 versio
732 4149 847 4208 antiqua
867 4144 951 4193 latina
972 4141 1104 4204 eptstotae
1123 4143 1152 4186 s'.
1166 4137 1232 4183 aar·

222 4225 260 4262 as
281 4224 326 4262 aa.
