2880 4660
704 605 740 695 S.
765 625 815 684 oa.

515 761 741 844 Argumenturrr
768 759 857 840 larrjirr
884 757 1008 842 Operis.

292 945 387 1032 (lpus
417 943 503 1010 istud
530 927 673 1001 Pastor
696 941 900 1016 inscribitur,
927 961 967 1008 eo
997 941 1084 1029 qrrod
1117 943 1316 1028 apparuisse

207 1034 271 1098 sibi
296 1033 451 1120 angelum
475 1029 587 1094 babitu
609 1028 771 1110 proclamati
793 1025 936 1090 indutum
958 1029 1075 1092 scribit
1097 1036 1224 1098 auctor,
1238 1029 1315 1091 albo

209 1119 309 1202 pallio
328 1119 494 1186 amictum,
518 1131 628 1198 peram
652 1111 683 1173 iu
706 1108 850 1174 buoreris
872 1111 1067 1198 virgamque
1083 1112 1115 1176 in
1134 1131 1230 1176 mauu
1249 1131 1316 1198 ge·

206 1207 370 1272 stantem,
401 1218 421 1261 u
450 1217 513 1281 quo
545 1195 668 1260 monita
699 1193 732 1256 in
762 1193 897 1274 scriptis
927 1196 998 1258 suis
1022 1195 1128 1259 relatu
1150 1215 1189 1260 se
1212 1215 1315 1258 acce

208 1288 297 1369 pisse
336 1281 479 1346 affirmat
516 1279 596 1368 (lib.
633 1277 675 1340 ll.
710 1271 895 1362 prooem-J.
954 1279 1072 1344 'l'otum
1109 1298 1190 1342 vero
1222 1275 1315 1362 Opus

207 1370 313 1432 tribus
337 1366 485 1449 partibus
508 1361 567 1426 seu
590 1362 684 1426 libris
706 1361 908 1439 absolvitur,
931 1382 1062 1447 quorum
1086 1365 1208 1448 primus
1231 1382 1314 1426 corr-

205 1451 291 1516 tinet
322 1453 461 1512 t'i'rr‘uaes
493 1455 647 1530 quatuor.
675 1445 761 1508 alter
788 1445 948 1508 Mumtata
973 1447 1164 1522 duodecim,
1194 1447 1313 1512 tertius
1429 1503 1430 1506 ,

209 1535 446 1598 Sr'rrrr'tr'tmb'aea
470 1533 594 1596 decem.
637 1527 776 1592 Visioue
798 1527 824 1592 l.
847 1535 881 1592 et
910 1529 953 1592 ll.
984 1551 1004 1594 a
1034 1541 1198 1606 matrona,
1229 1549 1314 1614 uriae
1429 1529 1430 1552 l

207 1619 239 1683 ei
261 1625 400 1700 apparet
423 1619 682 1698 repraesentans
705 1611 904 1687 Ecclesiam,
927 1612 1139 1680 veberucutcr
1162 1617 1315 1696 increpa-

207 1711 259 1768 tur
281 1703 424 1766 Hermas
447 1700 488 1762 ob
511 1699 615 1764 malas
638 1697 862 1783 cogitationes
885 1697 1052 1763 admissas
1075 1706 1107 1764 et
1131 1701 1172 1763 otr
1201 1693 1316 1786 negti-

207 1785 400 1874 gentiamiu
416 1783 612 1848 coercendis
632 1779 907 1866 corrigendisque
932 1783 1077 1862 preeuntis
1097 1783 1210 1848 uxoris
1232 1803 1315 1848 surae

210 1877 245 1936 et
259 1871 415 1934 liborum:
432 1868 546 1953 illique
560 1865 759 1936 declaratur,
781 1865 858 1949 quid
884 1863 925 1928 ad
948 1867 1077 1932 veniam
1102 1867 1315 1932 obtinendam

211 1973 317 2042 agere
340 1953 500 2030 debeant,
534 1952 587 2015 ubi
611 1949 654 2014 de
676 1948 889 2032 poenitentia,
913 1949 1102 2040 innocentia
1124 1959 1158 2015 et
1187 1951 1316 2036 simpli·

206 2041 307 2103 citato
330 2039 366 2100 bt
387 2055 506 2099 sermo.
550 2033 623 2098 Vis.
647 2031 708 2096 lli.
731 2033 849 2098 eadem
873 2034 989 2098 mulier
1010 2037 1132 2112 turrim,
1154 2053 1239 2120 qrrae
1255 2054 1316 2098 ae-

206 2121 358 2186 dificatur
380 2138 422 2183 ex
445 2118 555 2182 multis
578 2118 746 2199 variisque
770 2116 958 2201 lapidibus,
991 2118 1136 2184 Hermae
1158 2119 1316 2200 ostendit,

206 2207 304 2287 eique
328 2201 563 2288 pereleganter
585 2219 712 2264 omnem
735 2199 830 2280 hujus
852 2203 952 2267 turris
974 2211 1170 2269 structuram
1185 2202 1317 2268 descri-

206 2289 272 2365 bit,
305 2305 345 2350 ac
384 2283 511 2350 demum
544 2284 667 2368 aperit,
699 2303 764 2365 qua
794 2286 921 2349 ratione
952 2285 1036 2350 baec
1071 2289 1170 2352 turris
1206 2287 1317 2372 ligura

206 2373 252 2437 sit
274 2369 460 2435 Ecclesiae.
504 2369 578 2433 Vis.
600 2367 659 2432 lV.
683 2367 827 2432 Hermas
856 2372 1033 2454 conspexit
1062 2371 1206 2436 bellunm
1236 2367 1317 2436 bor-

207 2455 352 2530 rendam,
369 2471 516 2539 ‚eamque
539 2471 719 2536 pressurae
742 2462 776 2516 et
797 2454 1019 2519 tribulationis
1032 2453 1170 2520 Sanctis
1192 2475 1317 2540 super-

205 2547 367 2606 venturae
390 2537 528 2623 liguram
553 2555 648 2613 esse,
677 2557 697 2600 a
720 2537 852 2620 virgine
874 2541 1046 2622 speciosa,
1081 2559 1166 2624 quiae
1187 2539 1317 2604 Eccle-

205 2627 288 2689 siam
310 2624 487 2704 tigrrrabat,
511 2621 645 2699 didicit,
667 2621 766 2684 simul
788 2622 830 2685 ab
853 2640 894 2686 ea
917 2623 1074 2704 edoctus,
1097 2643 1162 2710 qua
1185 2626 1317 2690 ratione

207 2708 319 2774 bellua
341 2711 407 2771 ista
428 2706 578 2790 superari
608 2711 733 2790 posset.

290 2818 391 2882 Libro
421 2816 465 2881 ll.
494 2822 528 2882 et
558 2816 619 2880 lll.
651 2816 795 2898 angelus
827 2815 939 2882 babitu
971 2820 1117 2902 pastoris
1144 2817 1317 2906 apparens

207 2903 353 2970 Hermae
374 2901 527 2986 loquitur.
573 2899 675 2964 Libro
698 2900 742 2965 11.
766 2899 809 2964 de
831 2903 935 2965 variis
957 2904 1134 2969 virtutibus
1159 2911 1193 2970 et
1224 2907 1316 2970 vitiis

205 2989 336 3071 agitari
356 2983 602 3051 commendatur
625 2983 707 3048 tides
732 2983 763 3047 iu
787 3004 883 3048 uuum
900 2986 1014 3063 licum,
1036 2991 1131 3052 timor
1156 2989 1229 3066 liei,
1251 2990 1318 3053 ab·

205 3067 376 3145 st'ineutia,
399 3089 439 3133 ac
462 3069 752 3152 concupiscentiae
781 3071 934 3150 expulsio
971 3068 1110 3158 [bland.
1134 3071 1147 3136 l
1168 3068 1205 3153 l,
1233 3075 1317 3138 sior-

206 3157 338 3242 plicitas
362 3160 461 3240 atque
485 3153 691 3222 innocentia:
720 3161 869 3217 monetur
892 3155 935 3218 de
958 3157 1120 3241 fugienda
1143 3159 1317 3222 obtrecta-

204 3241 293 3306 tione
315 3246 350 3305 et
371 3240 598 3312 detractione,
631 3237 813 3302 inculcatur
837 3239 1053 3305 beneficentia
1075 3261 1162 3328 erga
1184 3259 1318 3327 paupe-

172 3367 174 3370 ·
204 3344 260 3392 res
297 3319 436 3413 (blond.
469 3323 495 3387 l.
525 3331 560 3386 et
589 3315 678 3407 lb),
715 3321 817 3384 Porro
849 3323 1019 3388 veracitas
1056 3326 1316 3400 commendatur,

207 3408 409 3474 mendacium
434 3406 625 3492 prohibetur
658 3403 797 3493 (Maud.
830 3402 929 3493 tlt).
980 3409 1066 3474 ltein
1100 3410 1246 3492 augelus
1284 3411 1317 3474 ci

203 3494 357 3570 mandat,
389 3497 424 3556 ut
445 3491 633 3556 castitatem
655 3491 784 3556 solicite
806 3491 991 3565 custodiat,
1021 3501 1056 3557 et
1089 3494 1317 3577 interroganti

201 3577 247 3642 ‘de
269 3595 371 3641 uxore
394 3574 548 3640 adultera
572 3574 767 3639 dimittenda
789 3581 855 3639 tam
879 3575 922 3640 de
944 3577 1140 3641 ruutrimouii
1165 3577 1317 3642 indissu-

204 3661 380 3734 lubilitate,
402 3678 497 3742 quiam
523 3659 566 3722 de
587 3661 684 3722 unica
707 3659 909 3741 poenitentia
931 3661 1095 3740 urraedam
1127 3675 1313 3728 memorata

205 3743 311 3830 digna
332 3742 436 3808 tradit
465 3740 603 3829 [bland.
625 3737 723 3828 Ν).
770 3737 854 3806 Τιιιη
884 3743 926 3808 dc
956 3746 1116 3828 patientia
1148 3747 1317 3810 sectanda

205 3836 306 3910 atque
335 3826 377 3891 de
408 3827 457 3890 ira
489 3823 688 3910 expellenda
722 3825 866 3910 angelus
896 3829 1073 3912 praeclara
1103 3828 1161 3894 dat
1189 3833 1319 3895 monita

205 3909 346 3998 [nand.
368 3904 449 3990 VJ.
481 3909 526 3974 Ut
548 3916 655 3972 autem
679 3909 835 3974 inundata
857 3911 887 3974 ei
911 3913 1034 3978 traditu
1058 3921 1183 3997 promto
1206 3915 1318 3979 animo

205 4015 246 4062 ac
276 3995 395 4060 lubens
425 3996 644 4078 exsequatur,
681 3991 839 4058 edocetur
869 3996 911 4058 ab
949 3995 1074 4086 angelo
1107 3997 1150 4062 dc
1183 3997 1317 4064 duabus

204 4081 345 4148 bominis
368 4077 443 4152 viis,
467 4096 507 4142 ac
526 4075 568 4142 de
591 4073 719 4142 duobus
735 4079 881 4163 angelis,
897 4081 984 4146 bonu
998 4079 1073 4157 uuo,
1089 4082 1196 4146 altero
1215 4085 1316 4156 mato,
1423 4074 1430 4110 ³*

204 4166 311 4232 cuivis
336 4161 457 4227 bomini
480 4160 614 4234 additis,
637 4179 773 4248 quorum
796 4162 949 4230 diversos
972 4167 1005 4232 iu
1027 4165 1157 4231 bomine
1173 4169 1316 4230 effertus

207 4247 363 4317 describit
387 4247 526 4334 [Madd.
551 4241 648 4333 Vb).
692 4247 774 4314 'l'um
797 4249 893 4312 timor
915 4249 996 4331 Ilei,
1019 4250 1072 4335 qui
1095 4257 1129 4314 et
1151 4249 1228 4335 ipse
1248 4251 1316 4316 du·
1425 4312 1426 4342 ,
