2880 4660
178 309 267 376 ’180

207 477 360 550 baeresi,
399 475 608 560 praesertim
634 473 857 553 Deiotarum,
889 479 989 559 atque
1027 473 1116 540 bunc
1149 475 1183 541 in
1217 477 1315 546 inem

207 561 273 646 „ad
295 561 448 629 traditam
470 559 513 625 ab
535 560 627 625 initio
648 557 831 624 doctrinam
854 557 1096 640 revertuntur,“
1116 566 1151 625 et
1172 561 1318 648 vigilan·

207 649 272 727 tia,
289 644 433 729 jejunio,
461 643 612 710 oratione
634 648 669 707 ct
689 640 872 708 bumilitate
894 642 1074 730 periculum
1095 641 1185 710 istud
1210 647 1317 712 decli·

207 735 299 796 aeut.
318 785 323 794 .
341 729 366 794 J
369 729 447 794 nbet
468 745 529 794 eos
552 725 672 792 imitari
693 726 888 810 patientiam
902 725 1026 792 Christi
1043 728 1077 793 iu
1092 729 1318 812 passionibus,

43 807 65 840 ·“
122 855 126 864 -
168 865 170 871 ,
207 820 245 879 ut
266 813 330 880 liei
352 811 493 900 gloriam
515 816 731 898 promoveant
752 816 788 876 et
808 811 995 876 mercedem
1024 810 1169 879 debitam
1198 817 1318 899 acqui-

90 887 116 943 -Ῡ
171 893 190 930 ’·
208 903 295 964 rant.
316 895 469 982 lienique
490 893 642 962 hortatur
662 912 732 972 eos,
754 900 790 960 ut
811 901 949 960 teneant
969 893 1066 962 bdem
1088 898 1317 978 atrabatem,
1438 955 1439 980 a

67 1003 69 1007 ·
122 985 152 1038 '.
197 980 494 1046 mansuetudinem
516 986 552 1046 et
579 978 811 1056 sobrietatem,
840 987 984 1044 mutuam
1013 980 1251 1062 subjectionem
1277 1001 1318 1050 ac

148 1135 151 1142 ,
207 1066 395 1154 generatim
417 1065 575 1130 bonorum
597 1081 731 1148 operum
752 1061 954 1129 exercitium.
1010 1061 1159 1150 Cumque
1186 1067 1317 1154 Phiiip-
1438 1125 1439 1128 ,

18 1193 22 1201 -
209 1147 263 1234 pis
286 1148 462 1234 presbyter
482 1147 613 1214 Valens
634 1147 667 1212 in
699 1165 809 1232 grave
837 1153 1010 1232 peccatum
1038 1146 1155 1231 lapsus
1181 1149 1317 1231 fuisset,

118 1229 121 1234 ’
206 1231 308 1298 valde
330 1231 545 1298 contristatus
567 1235 676 1296 monet
698 1249 770 1308 eos,
792 1247 836 1295 ne
856 1231 944 1296 molo
966 1232 1120 1318 exemplo
1142 1233 1231 1300 forte
1257 1255 1318 1302 se-
1438 1277 1439 1312 r

208 1315 388 1393 ducantur,
409 1333 536 1400 eosque
556 1314 708 1392 instruit,
735 1313 812 1399 quid
835 1332 921 1404 erga
941 1315 1072 1400 lapsum
1094 1316 1206 1398 modo,
1229 1329 1265 1384 et
1286 1319 1318 1386 si

206 1398 396 1484 resipiscat,
418 1399 602 1466 observare
622 1403 785 1483 oporteat
829 1397 982 1484 [lenique
1005 1400 1176 1498 praeclara
1190 1401 1319 1497 saluta·

208 1482 315 1561 tione,
348 1483 505 1549 bonorum
532 1483 768 1582 imprecatione
797 1488 832 1548 et
852 1483 1084 1552 exhortatione
1105 1485 1201 1551 baem
1221 1485 1317 1553 iacrt.

294 1593 448 1680 Epistola
470 1593 555 1661 baec
585 1593 768 1680 praeclaris
794 1593 1071 1662 admonitionibus
1100 1595 1179 1666 οΙ.
1202 1594 1318 1684 Scrip-

199 1684 283 1830 ἒιὲὶιι
292 1679 419 1843 Ι3441118
442 1678 552 1765 plena,
573 1684 608 1746 et
629 1678 731 1744 multa
748 1679 891 1764 puritate
908 1697 949 1746 ac
960 1679 1172 1767 simplicitate
1189 1683 1319 1796 scripta

293 1873 387 1940 inter
420 1872 581 1963 dogmata
612 1873 655 1941 ab
685 1891 725 1939 eo
750 1877 1005 1942 commemorata
1036 1874 1145 1942 notari
1171 1884 1319 1945 meretur

207 1956 450 2024 commendatio
487 1959 638 2022 bonorma
675 1963 831 2040 opertoria:
884 1954 1035 2043 „Quodsi
1071 1959 1210 2049 diguam
1243 1963 1318 2048 ipso

234 2038 393 2130 cbristo)
427 2041 530 2108 vitam
568 2059 726 2127 agamus,
761 2042 861 2108 etiam
893 2062 968 2108 oum
994 2044 1068 2129 ipso
1100 2046 1320 2132 regnabimus

232 2125 267 2189 in
289 2125 395 2189 dedito
415 2125 512 2190 nobis
532 2123 607 2189 loco
627 2125 751 2191 erimus
773 2125 863 2212 apud
884 2121 1106 2216 Dominum),
1132 2133 1162 2198 si
1185 2131 1319 2216 quidem

208 2211 246 2274 et
270 2205 369 2274 iidem
397 2205 606 2274 teneamus.“
647 2206 792 2294 Philipp.
827 2229 857 2276 c.
885 2211 917 2276 5.
946 2217 982 2278 et
1009 2231 1038 2279 c.
1074 2215 1105 2280 9.
1135 2213 1188 2283 Cf.
1224 2215 1319 2284 Trid.

208 2287 306 2360 Sess.
329 2295 360 2357 6.
383 2309 458 2377 cap.
483 2293 533 2360 li.
556 2297 592 2358 et
613 2293 664 2358 1o.
687 2310 761 2359 can.
782 2297 836 2362 20.
869 2297 922 2362 96.

207 2429 396 2497 Editr'oaea:
417 2433 539 2498 Latius
563 2453 635 2496 earu
657 2433 778 2513 primus
801 2430 948 2518 uulgauit
968 2433 1035 2501 Jao.
1062 2435 1168 2502 Faber
1197 2438 1317 2520 Stupu-

417 2515 635 2582 lensisParis.
652 2523 743 2584 1498.
765 2515 823 2579 tot.
847 2521 1003 2599 (unacum
1025 2521 1175 2585 undecim
1194 2517 1319 2606 ignatii
1438 2549 1439 2578 ι

417 2599 566 2683 epistolis
589 2611 623 2665 at
644 2597 957 2684 Pseudo-Dionysii
979 2605 1138 2685 scriptia).
1187 2604 1320 2674 Graeco

416 2689 537 2765 primns
561 2685 663 2746 edidit
684 2683 801 2747 Petrus
823 2683 964 2748 Halioix
985 2689 1018 2751 io
1040 2686 1214 2752 illustrium
1238 2689 1318 2755 Ori·

417 2769 534 2829 autoilo
557 2765 728 2830 Ecclesiae
750 2771 942 2849 scriptorum
964 2769 1050 2836 Vitis
1073 2783 1105 2839 ot
1126 2771 1318 2838 Documen-

415 2851 457 2910 tis
479 2845 542 2929 (Τ.
565 2853 588 2913 1.
612 2871 643 2930 p.
666 2853 857 2933 oet-32),
882 2867 1016 2935 etpost
1037 2876 1107 2919 auur
1129 2853 1318 2921 suctum-
1438 2861 1439 2888 ³

417 2933 483 2995 rius
505 2931 540 2995 in
561 2932 750 3014 Appendiee
772 2933 944 3020 ignatinus
967 2937 1110 3003 Londini
1133 2941 1229 3008 1647.
1258 2947 1319 3009 4⁰.
1438 2951 1439 2982 r

414 3013 542 3078 ibitur
564 3015 686 3097 prodiit
708 3017 741 3080 iu
765 3019 913 3084 omuibus
936 3021 1235 3106 editionibuaOpp.
1252 3023 1319 3089 Pa·

416 3108 499 3162 truru
521 3097 673 3181 Apostol.
702 3101 789 3175 (vid.
812 3125 911 3184 supra
932 3105 964 3189 §0
986 3113 1037 3174 54.
1060 3103 1184 3184 Nutu).
1228 3106 1318 3172 Ean·

417 3178 491 3245 deur
512 3203 610 3264 porro
626 3183 762 3248 exhibet
776 3184 891 3271 Steph.
914 3186 949 3252 ie
963 3188 1087 3272 Moyne
1109 3193 1195 3255 inter
1215 3189 1318 3257 Vua-iu

415 3287 512 3332 socru
534 3265 577 3332 Τ.
600 3271 624 3334 l.
647 3289 677 3348 p.
705 3276 815 3337 l-ld.
841 3292 912 3335 eum
934 3273 1045 3336 multis
1074 3276 1160 3338 uotis
1190 3287 1223 3338 et
1259 3275 1318 3339 ob·

414 3350 654 3415 robustioribus
678 3349 720 3418 Τ.
752 3357 790 3418 tl.
820 3378 852 3436 p.
882 3363 1017 3424 1-524.
1062 3355 1141 3421 Earn
1177 3357 1319 3441 deniqne

414 3429 523 3498 Smitlr
546 3434 725 3520 ignatianis
749 3438 897 3518 epistolia
926 3439 1093 3523 subjunxit
1126 3447 1175 3516 (v.
1203 3441 1234 3524 d.
1264 3449 1317 3511 59.

383 3585 386 3590 ,
414 3513 616 3593 Editiouas).
659 3517 783 3602 §bodico
809 3536 838 3593 b.
861 3521 988 3606 Βοῶνι.
1017 3521 1059 3608 (f.
1089 3523 1160 3594 otro
1185 3525 1228 3592 bti
1250 3523 1319 3594 dira

414 3608 498 3670 atati
519 3603 548 3674 9.
571 3609 622 3673 b'l.
646 3603 688 3673 (ὅ.
714 3609 801 3686 166).

228 3709 328 3779 Nolo.
360 3715 485 3782 Extant
512 3737 682 3803 praeterea
696 3726 889 3810 fragmento
912 3729 1050 3815 quinquae
1066 3729 1320 3816 Resporrriorarst
1438 3737 1439 3776 l

371 3799 594 3884 Crrpilulorum
632 3809 669 3872 S.
706 3805 884 3896 Polycarpt'
919 3813 1120 3894 Smyrncnra’t
1152 3813 1187 3880 E
1212 3817 1321 3901 ipcopt'

370 3881 541 3958 (Galland.
565 3887 607 3953 Τ.
631 3894 654 3956 1.
677 3914 709 3972 p.
729 3899 804 3961 314.
826 3930 867 3942 -
901 3893 1047 3958 Cotaler.
1072 3897 1158 4046 Opl.
1182 3835 1318 3964 patrum

370 3968 522 4047 Apostol.
552 3969 630 4036 vot.
660 3977 696 4036 11.
725 3999 756 4059 p.
787 3985 924 4044 905-6.
955 4013 996 4028 —-
1040 3979 1120 4046 Jaeo
1145 4002 1206 4048 sou
1230 3983 1319 4066 099·
1438 4003 1439 4016 ’

240 4253 287 4318 *tr
307 4261 348 4312 ru
366 4239 444 4314 aaa
462 4263 528 4320 ocu.
548 4269 610 4323 rao.
