2948 4662
191 264 255 330 tot

284 427 457 514 raptorem
479 443 561 492 vero
582 423 779 511 Scripturas
799 435 934 492 sensum
957 441 1037 492 esse
1059 423 1194 503 statuit,
1223 426 1304 490 lite-

192 515 304 586 ralem,
327 513 476 576 moralem
498 518 534 576 ct
554 514 718 593 mysticam
740 527 802 606 seo
824 509 1051 607 allegoricum,
1068 511 1115 573 ita
1135 517 1245 607 tamen
1267 517 1305 577 ut

193 598 315 680 triplex
347 597 413 660 iste
441 613 565 660 seusus
599 613 663 659 non
698 595 806 658 utrivis
828 593 1074 680 scripturarum
1107 603 1304 677 reportatur,

70 741 76 746 ,
193 680 257 747 seo
279 681 313 745 in
335 679 531 764 quibusdam
553 677 638 744 locis
659 677 751 743 solus
772 677 931 754 literalis,
959 677 992 741 in
1016 678 1214 762 quibr'rsdam
1242 700 1304 745 so-

193 767 249 832 lus
281 763 433 842 moralis,
467 764 499 826 io
537 761 733 848 quibusdam
764 761 857 827 solus
889 760 1238 846 mysticus„denique
1268 764 1303 830 in

193 847 363 914 nonnullis
386 846 525 913 literalis
547 846 644 914 simul
667 852 702 912 et
723 847 882 930 mysticas
904 845 1075 912 habeatur.
1108 844 1305 914 Generatim

194 932 325 1018 quidem
349 929 393 996 ad
426 931 666 996 institutionem
694 935 729 996 et
757 929 1019 996 aedificationem
1047 929 1193 995 fidelium
1221 949 1304 998 sen-

193 1037 254 1082 sus
276 1015 418 1081 literalis
441 1015 574 1082 sufficit.
604 1013 729 1080 Verum
750 1022 786 1079 et
807 1014 969 1098 mysticus
990 1031 1113 1102 sensus
1135 1012 1305 1116 indagan-

197 1100 259 1165 dus
282 1106 353 1165 estc
376 1099 490 1162 nititur
513 1099 599 1165 enim
620 1098 677 1164 illc
699 1099 898 1164 anctoritate
919 1097 1008 1163 Novi
1030 1097 1237 1166 Testamenti
1268 1103 1305 1166 et

195 1184 389 1251 Traditione
412 1183 600 1260 Ecclesiae,
619 1190 687 1248 tunr
712 1181 850 1267 ipsomet
872 1182 1115 1267 &sripturarum
1139 1181 1214 1262 tine,
1236 1191 1304 1250 est·

195 1287 259 1354 que
282 1268 411 1333 omnino
433 1265 665 1338 necessarius,
694 1274 728 1330 ut
750 1267 793 1330 ab
815 1265 968 1331 hostibus
989 1273 1062 1330 tuta
1084 1273 1217 1332 maneat
1240 1287 1303 1334 rc·

194 1354 278 1418 ritas
316 1357 351 1418 et
385 1351 549 1417 sanctitas
580 1348 840 1437 scripturarum,
873 1349 1035 1436 ipsaeque
1070 1350 1142 1415 [leo
1176 1350 1303 1439 dignae

195 1435 395 1508 reddunturc
419 1442 475 1500 ast
496 1434 741 1512 difficillimum,
762 1434 839 1522 quin
861 1435 959 1499 etiam
994 1433 1066 1499 lere
1095 1433 1303 1519 impossibile

195 1526 265 1594 est,
288 1520 450 1604 mysticos
476 1521 613 1604 assequi
648 1535 788 1597 sensus,
825 1535 909 1604 quos
941 1519 972 1583 io
1000 1536 1039 1583 se
1072 1520 1304 1602 complectitur

195 1602 382 1688 Scriptura.
425 1602 580 1690 Regulus
603 1609 724 1680 autem,
746 1601 835 1668 unde
857 1609 1031 1688 appareat,
1054 1603 1172 1686 quibus
1195 1605 1227 1668 in
1251 1605 1303 1669 lo-

196 1689 246 1754 cis
268 1705 390 1753 sensus
426 1688 588 1771 mysticus
617 1687 662 1752 sit
694 1685 926 1771 inquirendus,
954 1687 1070 1752 statuit
1103 1696 1302 1770 sequenteat

195 1767 241 1858 a]
263 1778 365 1836 totam
389 1771 500 1856 legem
524 1771 778 1836 ceremonialem
800 1769 843 1834 ad
862 1785 997 1836 sensum
1019 1770 1192 1850 mysticum
1215 1771 1302 1838 refe·
1345 1829 1347 1836 .

191 1854 329 1921 rendam
351 1873 449 1942 csse3
473 1847 519 1940 o]
540 1873 674 1921 sensum
698 1854 861 1921 literalem
885 1854 1115 1933 deserendum,
1127 1857 1302 1940 mysticum

194 1958 274 2005 esse
295 1936 542 2023 inquirendum,
571 1940 830 2024 quotiescunque
852 1937 891 2003 S.
915 1939 1090 2022 Scriptura
1117 1941 1301 2005 secundum

195 2024 324 2089 literam
348 2023 520 2087 intellecta
543 2041 684 2107 praese
707 2021 794 2088 ierat
817 2022 957 2098 inutilia,
980 2023 1079 2098 laisa,
1093 2022 1165 2088 lieo
1187 2023 1255 2088 todi

194 2125 239 2172 na
261 2116 320 2171 aut
341 2106 576 2190 impossibilia3
609 2101 653 2191 c)
676 2105 819 2191 denique
841 2106 1025 2191 ubicunque
1047 2125 1155 2172 sermo
1176 2113 1230 2172 eat
1256 2043 1301 2174 &a

193 2189 404 2266 Jerusalem,
427 2187 471 2255 de
494 2190 670 2276 Aegypto,
692 2191 888 2276 Babylone,
909 2189 998 2274 Tyro
1020 2191 1161 2274 aliisque
1192 2198 1302 2264 terre,-

194 2273 322 2338 stribus
344 2274 446 2351 locis,
478 2279 578 2338 totum
608 2274 690 2339 illud
720 2274 928 2341 referendum
960 2294 1040 2340 esse
1068 2276 1111 2340 ad
1140 2275 1302 2343 coelestia

193 2357 279 2438 loca,
301 2375 387 2443 quae
408 2355 587 2423 animarum
608 2358 675 2422 sint
697 2357 886 2424 habitacula
906 2360 953 2434 ¹¹¹).
976 2398 1017 2410 —
1063 2361 1199 2424 Satcco'r
1226 2361 1302 2426 exi·

193 2460 264 2528 gua
288 2441 371 2506 tides
393 2447 447 2506 est
468 2441 674 2528 adhibenda3
697 2443 860 2506 Horritr'oe
882 2442 992 2527 magis
1013 2441 1055 2507 ad
1080 2443 1189 2528 populi
1219 2463 1301 2528 cap-

193 2533 260 2589 tum
283 2524 539 2600 accomodatas,
574 2533 607 2590 et
630 2525 739 2611 quoarl
762 2532 889 2612 partem
912 2527 1045 2603 saltem,
1078 2545 1120 2592 ex
1154 2535 1301 2613 ternpore

193 2605 545 2686 habitae,necs1‹leli
567 2629 701 2696 semper
723 2613 879 2678 versione
907 2611 1092 2676 translatae
1124 2631 1187 2678 noo
1216 2612 1302 2678 adeo

193 2710 351 2778 magnam
374 2691 439 2756 sibi
468 2690 642 2760 vindicant
668 2695 916 2776 auctoritatemr
945 2693 1087 2760 maxime
1118 2713 1198 2760 vero
1227 2699 1302 2776 ejus

192 2775 363 2863 ingenium
387 2783 421 2839 et
442 2778 659 2843 eruditionem
681 2779 896 2861 comprobant
911 2778 1146 2854 Crrmmeatarr'r',
1169 2778 1223 2858 qui
1238 2779 1302 2842 arl-

193 2857 259 2924 huc
279 2859 397 2924 saltem
421 2877 463 2925 ex
487 2871 581 2948 parte
603 2869 739 2936 extant;
762 2861 795 2925 io
819 2859 870 2924 his
893 2879 974 2924 vero
1005 2878 1137 2925 errores
1159 2859 1302 2948 origeni

193 2943 394 3028 peculiares,
416 2939 491 3022 dum
514 2947 663 3012 calamus
685 2941 820 3010 liberius
842 2941 1066 3028 exspatiatur,
1093 2941 1302 3029 frequentius

192 3049 379 3132 emergunt
403 3079 443 3098 -·-
486 3047 562 3112 Huc
583 3061 711 3132 quoque
742 3046 886 3130 pertinet
913 3024 1097 3128 Epistola
1131 3031 1184 3106 ad
1219 3031 1299 3106 Ju-

192 3132 286 3205 lium
312 3129 566 3245 Africanum,
601 3165 666 3235 qua
687 3145 866 3245 Sursanoae
886 3145 1073 3244 historiam,
1096 3149 1236 3245 quaein
1259 3148 1296 3213 li-

193 3233 250 3295 bro
272 3225 425 3298 Danielus
447 3230 583 3320 legitur,
606 3231 829 3298 authenticam
854 3252 934 3299 esse
955 3228 1066 3298 soirrle
1087 3233 1241 3309 adstrurt,
1265 3239 1300 3298 et

192 3311 376 3417 Epistola
411 3317 464 3393 od
490 3318 718 3420 (troparium
746 3317 1075 3419 Tlorcmutarpum
1107 3334 1302 3413 ostendens,

197 3509 404 3526 ew

295 3617 489 3672 abbreviatum
507 3619 592 3670 sistit.
630 3620 739 3671 Excuaa
765 3623 808 3672 eat
832 3623 898 3672 lrocc
924 3621 1015 3670 versuo
1031 3620 1181 3681 saparatlm
1201 3627 1235 3665 aa
1255 3617 1303 3666 tn-

295 3694 464 3750 scripttone:
501 3690 632 3754 origenis
651 3693 809 3740 Adamauttl
830 3689 995 3753 Explaoatlo
1014 3692 1043 3738 in
1062 3688 1207 3750 epistolum
1220 3689 1301 3736 Pauli

295 3763 329 3810 acl
350 3763 485 3810 Romanos
506 3755 537 3809 l).
556 3763 723 3823 nterooymc
747 3763 902 3824 interprete
926 3765 972 3812 ed.
997 3759 1026 3808 J.
1051 3759 1081 3808 B·
1106 3759 1299 3808 Alouiaiauus.

295 3828 425 3880 Venatita
447 3829 513 3882 1506
532 3830 583 3878 lul.

241 3923 273 3984 *)
291 3927 375 3976 Plura
406 3931 441 3979 dc
466 3927 597 3991 ortgcota
627 3899 753 3978 methodo
775 3925 948 3986 scrupeorum
980 3926 1185 3988 tuterprctauol
1215 3925 1297 3976 dobtt

290 3997 409 4058 comper
427 3999 458 4046 Ρ.
478 3999 514 4048 x.
533 4011 559 4060 p.
578 3994 653 4048 et—
666 3995 726 4048 178.
761 3995 805 4046 Gt.
824 3998 909 4046 etlam
924 3995 954 4046 J.
974 3993 1146 4060 occorngcr,
1174 3997 1209 4046 ult
1227 3994 1297 4045 Ort-

289 4066 542 4198 {eerffiralffirtoa
565 4067 593 4119 8.
610 4069 771 4130 scripturas
794 4067 1024 4128 tntcrprctatloue
1042 4067 1071 4119 p,
1092 4067 1205 4118 t-ru.
1237 4067 1294 4116 Ar-
