2886 4660
1182 296 1226 360 83

197 462 241 554 b)
264 463 304 530 st
325 461 462 528 codices
485 463 698 546 manuscripti
722 462 891 547 enjusdam
904 460 1025 548 Operis
1048 462 1103 528 alii
1124 463 1223 530 ulium

120 551 305 638 praeierunt
330 546 616 634 structoremllpus
639 548 719 612 illud
742 555 795 612 est
816 546 958 624 dubium,
981 550 1223 633 poterittamen

120 655 214 702 uerna
235 641 354 700 auctor
378 632 530 707 inueniri,
554 633 629 696 aliis
642 632 742 697 etiam
760 631 903 696 criteriis
924 632 955 696 in
968 631 1151 698 subsidium
1164 652 1222 697 va·
1331 631 1347 660 ⁸

122 721 216 796 eatis,
247 717 449 803 praesertim
473 715 502 782 si
525 717 669 782 sollicite
700 714 899 802 indagetur,
932 715 1025 801 quem
1056 725 1224 783 auctorem

123 805 250 869 codices
273 801 498 885 antiquissimi
520 801 617 866 simul
641 805 675 866 et
697 801 843 886 optimae
864 807 966 864 natac
987 799 1175 866 exhibeant.

201 918 232 989 cl
253 911 292 979 Si
316 913 373 978 uel
399 912 484 977 idern
507 912 581 998 ipse
605 919 721 977 auctor
741 908 899 998 inllpere
922 911 1061 994 quodum
1090 913 1223 979 indubi-

124 1007 188 1065 tato
208 997 257 1064 sel
281 997 337 1062 ulii
362 996 533 1068 Veterum,
556 998 711 1081 quisunt
735 996 893 1079 probatae
916 995 1003 1073 ndei,
1026 995 1118 1061 locos
1148 997 1223 1062 sive

124 1083 292 1158 breviores,
315 1081 396 1145 sive
417 1081 614 1164 prolixiores
636 1099 677 1144 eu
693 1079 804 1164 Opere
821 1081 960 1166 quodam
981 1079 1144 1164 allegant,
1169 1081 1225 1164 qni

122 1169 151 1232 in
172 1166 281 1230 eodem
304 1161 431 1250 Opere,
453 1172 546 1250 prout
570 1163 668 1230 bodie
690 1171 798 1236 extat,
821 1184 885 1230 nou
909 1165 1138 1232 inveniuntur.
1161 1181 1224 1228 nrc

122 1251 361 1336 quoquosala,
384 1249 576 1330 uecqnuad
600 1267 753 1325 sensum,
777 1245 869 1335 (lpus
891 1247 990 1327 istud,
1014 1249 1101 1334 quud
1126 1247 1225 1312 bodie
1277 1255 1281 1262 '

123 1333 359 1403 circumfertur.
391 1333 445 1398 uel
470 1332 708 1420 depraruturn,
729 1332 784 1398 vel
807 1333 907 1417 plane
928 1335 1073 1432 spurium
1097 1331 1222 1398 nuncu·

122 1415 188 1484 dum
215 1423 288 1494 esta
319 1417 389 1482 nisi
418 1417 503 1482 forte
531 1417 681 1500 vestigia
704 1416 817 1482 adsint
837 1417 978 1503 duplicas
1000 1416 1156 1483 editionis
1178 1415 1222 1482 ab

124 1513 245 1568 anctore
265 1502 345 1588 ipso
367 1501 561 1578 adornatae,
582 1503 636 1567 rel
661 1501 727 1565 ulia
748 1499 888 1598 quadam
912 1502 1073 1589 probabili
1094 1501 1223 1567 ratione

96 1589 100 1595 '
126 1587 264 1652 delectus
286 1587 357 1652 istc
379 1585 585 1651 sufficienter
607 1585 767 1672 explicari
790 1585 907 1672 possit.

200 1691 243 1783 d)
272 1696 310 1764 Si
345 1694 438 1781 Opus
465 1695 648 1782 quoddam,
684 1696 839 1763 tributum
862 1698 1036 1784 praeclaro
1066 1697 1223 1781 antiquae

124 1781 287 1848 Ecclesiae
311 1781 387 1846 viro
410 1787 466 1847 aut
488 1779 527 1846 S.
550 1781 651 1856 Patri,
674 1780 793 1864 quiex
816 1781 892 1846 aliis
915 1781 1067 1866 operibus
1091 1782 1223 1845 innotu-

123 1867 163 1938 it,
192 1886 248 1952 per
270 1867 368 1950 plum
391 1865 469 1930 iude
492 1865 617 1930 alibro
640 1864 830 1950 conscripto
853 1865 1008 1937 saecula,
1038 1865 1137 1928 etiam
1170 1865 1225 1928 ubi

124 1953 349 2098 ncrusiovapta
371 1951 491 2015 inisset
513 1950 567 2015 vel
592 1949 730 2096 mutantia
758 1951 928 2014 substrata
951 1948 982 2012 id
1000 1949 1225 2098 ‘pq'stnlaggcb

123 2053 141 2098 u
192 2055 210 2098 o
322 2055 404 2108 rrum,
470 2055 512 2097 ru
582 2053 622 2098 cn
665 2051 864 2108 arm‚ueru
914 2047 1136 2098 scuarma
1184 2054 1223 2098 u-

122 2055 189 2189 nep
198 2053 393 2206 (lpuieillud
415 2052 783 2204 slbeut'itffmgvetlrsaltem
806 2053 1140 2185 rlrlrbeiumphgbendum
1159 2125 1222 2194 est,

123 2223 221 2286 eoque
243 2206 353 2290 magis
375 2203 416 2281 si,
439 2204 495 2288 qui
519 2201 609 2284 primi
625 2201 706 2266 illud
723 2203 935 2286 protulerunt,
948 2211 1130 2288 suspectae
1143 2201 1222 2271 ndei

124 2296 207 2355 sunl.
226 2291 260 2366 *l
282 2325 323 2340 -
370 2285 501 2354 Vocant
524 2284 555 2352 ld
579 2285 693 2351 Critici
716 2277 785 2348 κατ’
806 2277 921 2381 ἕξοχην
935 2299 1154 2371 sagramentum
1168 2311 1221 2351 rse-

124 2375 276 2452 putiousr,
296 2375 349 2444 ”l
370 2390 413 2438 eu
437 2371 572 2438 silentiu
594 2371 724 2436 scilicet
756 2369 914 2436 Veterum
944 2373 1099 2457 petitum,
1133 2373 1221 2452 quod

124 2465 230 2520 tumen
252 2462 346 2521 caute
367 2455 539 2522 admodum
561 2453 786 2519 arlltibeudum
807 2461 873 2534 estc
895 2455 946 2519 sic
967 2475 1021 2520 cx.
1042 2474 1096 2538 gr.
1112 2473 1221 2539 neque

129 2539 251 2619 Phuni,
272 2557 376 2623 neque
397 2539 433 2605 S.
454 2539 600 2604 loannis
624 2537 826 2603 llarnasceni
850 2536 1015 2602 silentium
1046 2538 1090 2603 de
1112 2535 1223 2618 Opere

130 2623 236 2708 ulique
259 2621 355 2688 ullum
378 2626 482 2689 animo
498 2629 607 2706 potest
621 2622 777 2700 ingerere
794 2620 1132 2707 scrupulnmqqnippc
1152 2640 1225 2689 cum

130 2707 169 2769 iiu
191 2725 252 2773 uec
273 2709 397 2773 animus
418 2717 514 2774 esset
536 2706 733 2773 recensendi
756 2705 866 2772 omnia
887 2699 998 2788 Opera
1020 2705 1226 2790 antiquorum

129 2789 279 2860 Petrum:
317 2793 390 2876 ipse
412 2795 511 2859 etiam
535 2791 573 2858 S.
599 2792 818 2875 Hieronymus
841 2791 874 2856 in
898 2790 1042 2875 Prologu
1067 2789 1225 2877 Catulugi

125 2875 172 2938 sui
193 2873 234 2940 de
256 2877 336 2941 viris
359 2877 543 2942 illustribus
566 2877 685 2941 lubens
708 2873 878 2955 concedit,
900 2878 1080 2944 nonnullos
1103 2876 1223 2959 Scrip-

125 2965 209 3024 tures
230 2961 404 3028 Ecclesiae
427 2962 574 3026 notitiam
596 2981 690 3025 suurn
714 2960 870 3026 fortassis
893 2962 1042 3048 adrogare
1062 2961 1224 3046 poluisse,

128 3145 325 3164 ψ

175 3247 187 3280 d
379 3263 384 3274 ι
740 3263 745 3276 .
995 3265 999 3276 .

190 3258 1222 3393 'lettttztt'atzttt‘ll.taltttlltt‘attatttalnl'llz

223 3399 343 3461 vulgaras.
363 3412 433 3462 quae
452 3405 540 3462 primu
560 3405 622 3450 vtce
640 3404 673 3450 ub
693 3394 1015 3450 basrettetsSesertauts
1033 3399 1223 3450 tnGoltattuns

221 3467 457 3532 Constantinopoli
478 3473 571 3521 babitu
590 3485 617 3519 u.
637 3463 687 3522 aab
709 3475 734 3520 ln
755 3474 844 3521 lucem
871 3470 977 3531 prolata
1003 3473 1084 3529 urant,
1113 3473 1223 3519 statian-

219 3551 271 3599 que
292 3553 308 3587 a
327 3539 477 3590 Catholicis
496 3541 641 3602 Episcupls
659 3545 772 3598 expansa
791 3547 874 3601 atqua
893 3536 1015 3606 rejecta,
1035 3544 1130 3600 utpute
1149 3545 1223 3593 omni

218 3611 378 3671 antiquitati
406 3611 622 3661 Ecclesiasticus
649 3613 753 3670 ignota.
797 3610 863 3660 vid·
888 3613 979 3660 Manat
1006 3613 1037 3659 Τ.
1064 3610 1139 3660 Vllt.
1167 3613 1222 3664 cul.

218 3675 352 3728 820*st
389 3681 433 3730 ct.
453 3679 530 3730 Plrut.
552 3679 707 3731 Biblcod.
730 3684 753 3733 t.
775 3703 802 3714 —
845 3683 1126 3743 ldemurgusnonturu
1147 3685 1222 3732 rult-

220 3749 361 3798 dissimulo
381 3756 444 3806 est.
462 3757 492 3800 ut
511 3745 670 3813 Syurboluru
690 3758 732 3802 stc
751 3754 852 3802 dietum
871 3753 1089 3802 Albanusiannnr
1109 3755 1222 3803 demon·

218 3822 324 3866 stratur
348 3831 400 3868 non
425 3821 527 3870 babere
552 3815 584 3870 S.
604 3822 783 3872 acturus-tum
810 3827 962 3875 auctorem.
1014 3822 1078 3872 Alia
1096 3824 1223 3886 exempla

218 3889 278 3936 ald.
298 3890 326 3936 tn
335 3888 515 3942 auscultat.
524 3890 630 3941 Ecclcs.
651 3893 702 3942 lib.
720 3891 748 3942 d.
767 3905 792 3940 c.
810 3891 835 3944 3.
855 3891 900 3944 25.
920 3898 949 3941 et
966 3891 1012 3944 38.

156 3973 193 4043 ”l
211 3985 311 4033 l'ustus
336 3987 371 4036 de
395 3989 444 4036 hoc
468 3996 628 4052 argumento
645 3993 775 4053 negativo
801 3995 888 4054 agunt
905 3991 1041 4041 Mubttluu
1062 3992 1096 4038 de
1115 3985 1222 4038 Studtts

217 4057 508 4178 attilani:
529 4054 1222 4191 ia‘ttffldllui·„lttfflttltitlttt

218 4196 375 4246 scribentes
399 4198 573 4261 alleguntur,
600 4210 652 4248 use
679 4212 733 4248 unu
758 4200 885 4249 mutulae
909 4203 937 4251 tu
965 4196 1047 4262 buius
1066 4195 1220 4256 ammenti

197 4263 200 4269 '
220 4275 272 4314 usu
291 4271 466 4318 accusatius
484 4269 653 4330 indicantur,
672 4272 756 4317 steutt
774 4269 858 4318 etism
877 4269 951 4318 btss.
967 4271 1028 4318 vll.
1051 4266 1111 4312 Art·
1126 4261 1186 4309 Vll·

957 4355 1018 4418 6*
