2866 4652
168 287 211 354 38

169 451 335 539 pollicitus
358 458 411 520 est
433 451 598 520 Christus.
643 453 711 519 imo
733 449 905 537 Synodum
927 452 1172 518 oecumenicam
1195 457 1278 538 quo-

170 537 247 602 dem
275 537 403 603 ratione
432 536 637 602 antecellunt
664 537 783 602 i'aires
813 535 1073 602 consentientes.
1129 535 1169 602 Si
1191 537 1279 602 enim

169 621 409 706 Episcopornm
431 619 591 705 Synodus
618 640 659 686 ex
682 627 749 687 totu
772 620 851 686 orbe
876 625 1159 708 congregaretur,
1187 620 1278 687 linud

168 705 268 771 facile
301 713 395 771 tento
423 723 537 771 omnes
567 704 767 812 congregati
788 702 991 780 eruditione,
1014 705 1213 781 sanctitate,
1235 705 1278 770 ii-

169 788 300 856 iiertaie
329 788 508 876 pollerent,
537 798 661 873 quanta
693 789 761 855 sS.
796 787 916 854 Patres
945 789 1030 854 inter
1061 807 1100 854 se
1133 805 1278 853 cousen-

169 875 310 946 ticntes;
333 873 410 959 quia
432 893 496 938 nec
518 874 573 939 isti
597 891 661 939 uno
686 880 831 956 tempore
854 872 1001 952 fuerunip
1018 871 1080 938 sed
1106 870 1222 938 iideies
1244 881 1278 939 et

168 957 281 1022 multis
303 956 560 1023 excellentiores
583 976 707 1041 paucos
730 957 981 1042 dispensatores
1001 974 1080 1032 suos
1103 955 1196 1021 Deus
1218 975 1278 1040 per

169 1041 323 1106 diversas
346 1047 477 1106 netetes
499 1048 696 1125 temporum,
731 1043 941 1136 locorumque
964 1039 1163 1120 distantius,
1190 1039 1278 1106 sicui
1307 1102 1315 1115 ,
1427 1071 1428 1078 κ

170 1125 203 1221 ei
233 1125 343 1208 placet
369 1130 470 1271 atque
499 1125 833 1222 expedirenjudican
857 1143 939 1221 ‚ipse
965 1124 1158 1220 dispensat..
1205 1124 1277 1220 iios

170 1213 294 1306 titique.
320 1227 362 1276 ex
392 1209 467 1274 ciis
495 1214 596 1305 atque
623 1209 698 1275 airis
727 1208 927 1293 temporibus
955 1215 1056 1306 elque
1084 1207 1276 1304 regionibns

169 1288 390 1471 stituit,
404 1289 1278 1514 uirilius,qtrtiiin'tinnitlup

170 1459 391 1642 circili
411 1459 630 1641 itinn:
649 1459 1023 1642 ”rtiitniiutit
1038 1459 1278 1641 tirreni

146 1737 151 1750 ι
171 1645 213 1692 ac
235 1645 367 1776 qroprie
389 1627 587 1752 residerem
602 1647 751 1738 irnenimi
764 1646 872 1750 eorum
889 1644 1111 1726 consensione
1126 1645 1199 1694 cum
1214 1626 1280 1694 tide

170 1711 243 1778 Ecc
258 1729 366 1788 esrae,
387 1731 462 1778 siie
485 1731 557 1778 cum
580 1712 798 1795 traditione,
828 1731 869 1778 uc
891 1712 1206 1798 proinde-ngorose
1228 1711 1279 1776 io-

194 1793 303 1862 uendo
330 1815 395 1861 non
427 1797 550 1862 utimur
573 1798 771 1863 auctoritate
794 1797 927 1863 Petrum
954 1795 995 1862 sd
1024 1800 1188 1862 veritates
1211 1793 1280 1862 Ca·
1336 1813 1340 1824 ·

170 1885 182 1944 t
208 1879 311 1947 olicus
343 1878 609 1957 continuandas,
640 1882 701 1946 sed
734 1881 932 1948 auctoritate
964 1880 1141 1947 Ecclesiae
1174 1881 1280 1964 ipsius

170 1965 246 2029 sive
276 1963 498 2044 'i'radiiionis‚
538 1967 633 2047 cujus
661 1965 847 2050 depositum
875 1963 1017 2032 iideiitor
1048 1971 1213 2043 seriani,
1244 1969 1280 2030 et

167 2048 267 2130 cujus
301 2053 407 2113 testes
440 2056 519 2114 sunt
553 2049 640 2115 omni
676 2049 876 2136 exceptione
908 2051 1062 2134 majores·
1115 2047 1279 2132 Quidquid
1345 2083 1356 2106 ·
1428 2075 1429 2082 ¹

170 2148 255 2278 {tit
267 2131 1106 2310 iiiiitiiiiiitittitittitlicii
1121 2131 1279 2292 itii:

169 2313 332 2393 communi
352 2315 519 2364 consensu
542 2297 667 2366 docent
686 2307 844 2388 tanquam
862 2299 1022 2368 divinitus
1041 2300 1227 2367 revelatum
1244 2306 1280 2367 ei

170 2377 345 2461 traditum,
377 2380 459 2446 iliud
490 2387 584 2450 certo
612 2383 678 2452 tide
704 2402 767 2450 ceu
795 2386 864 2452 tale
890 2385 1068 2452 tenendum
1095 2389 1150 2452 est
1178 2391 1278 2470 cique

169 2463 381 2562 credendum.
406 2461 482 2548 tin)
525 2466 567 2533 si
588 2467 676 2534 enim
706 2486 821 2536 omnes
844 2469 964 2536 Patres
991 2474 1091 2556 utque
1114 2469 1278 2536 Doctores

141 2577 146 2588 ·
168 2548 367 2628 Ecclesiae,
395 2569 467 2616 curii
498 2551 531 2618 in
562 2551 674 2639 aliqua
695 2552 856 2637 ejusmodi
876 2554 1043 2620 sententia
1064 2555 1279 2634 conveniunt,

168 2651 283 2702 errare
305 2643 455 2730 possent,
477 2642 546 2702 tota
568 2636 725 2704 Ecclesia
744 2643 882 2712 erraret,
928 2639 1025 2722 uippe
1047 2655 1131 2724 quae
1152 2637 1276 2703 Docto·

167 2735 225 2782 res
246 2733 326 2782 suos
347 2734 442 2800 sequi
465 2724 596 2783 tenetur
617 2727 653 2784 et
673 2722 834 2806 sequitur.
851 2717 908 2776 ii*
941 2727 958 2804 )
1001 2719 1190 2787 Ecclesiam
1211 2737 1277 2786 au-

3 2831 4 2838 *
52 2863 56 2874 ,
168 2805 236 2864 tem
266 2798 457 2863 universum
487 2798 555 2866 SS.
577 2801 711 2869 Petrum
743 2805 922 2870 consensui
954 2804 1087 2871 tirmiter
1118 2804 1276 2870 inhaere·

167 2899 224 2958 re,
253 2898 317 2946 nec
344 2881 452 2978 isium·
477 2901 622 2980 ungiiem
652 2887 696 2952 aii
718 2886 760 2952 iis
782 2887 960 2968 recedere,
982 2889 1194 2976 directissime
1215 2886 1277 2955 de-

168 2970 330 3030 monstrat
358 2982 472 3050 praxis
501 2969 606 3052 ipsius
635 2969 828 3054 Ecclesiae,
856 2971 935 3040 iride
963 2974 1006 3040 cb
1035 2973 1276 3060 antiquissiinii

169 3048 369 3134 temporibus
400 3048 434 3114 in
464 3047 623 3120 Consiliis
656 3054 798 3123 maxime
831 3058 1052 3125 oecumenicis
1088 3057 1276 3125 luculenter

272 3395 417 3457 insurgere
436 3397 464 3444 et
483 3394 639 3444 Catholicae
658 3395 803 3448 Ecclesiae
823 3399 964 3450 traditioni
984 3397 1151 3452 issisnref‘
1199 3400 1273 3452 Cori-
1363 3405 1370 3412 '

272 3465 320 3512 cii.
340 3465 455 3516 Nicaea·
476 3469 510 3516 ii·
531 3467 593 3514 Aet.
614 3466 664 3515 vt.
684 3455 787 3525 (linesi
805 3469 837 3518 i·-
857 3470 935 3520 xlii·
954 3472 1006 3520 coi.
1026 3471 1101 3528 ild.)
1136 3472 1275 3522 Justlotii-

272 3546 324 3582 iius
342 3536 461 3597 dentque
481 3537 630 3594 imperator
649 3539 676 3586 tii
693 3549 745 3587 sus
763 3539 887 3600 Epistola
905 3541 1040 3590 adversus
1060 3543 1172 3602 tmptuiii
1182 3542 1274 3592 'i'iieo-

273 3604 368 3650 dorum
386 3605 538 3666 stopsrssi.
558 3607 711 3656 rectissime
729 3611 838 3668 monet,
857 3620 951 3672 „eum
970 3615 1017 3674 qut
1035 3610 1172 3673 cyrillum
1190 3613 1275 3668 idie-

272 3673 448 3732 irnndriniim)
467 3675 571 3735 iiipsum
590 3685 652 3724 esse
671 3664 705 3725 tii'
719 3678 853 3728 iiacresini
873 3681 972 3741 tradat,
987 3683 1192 3743 contendatque
1207 3683 1276 3730 tise-

182 3775 189 3790 .
272 3744 376 3791 reticos
394 3747 481 3804 ipsum
500 3745 659 3795 defendisse
682 3749 856 3809 sententias,
884 3752 912 3799 in
937 3753 1093 3800 universnm
1118 3751 1275 3801 Ecclesium

273 3811 454 3863 damantionis
472 3814 548 3865 terre
566 3819 743 3879 sententiani,
763 3827 844 3878 quuin
863 3821 996 3870 universo
1013 3822 1126 3870 sciitcet
1138 3820 1278 3882 cyrtitoiii

272 3882 302 3926 iii
324 3881 435 4007 5{adipem
462 3885 537 3934 coiit
564 3889 646 3945 atquc
669 3881 849 3934 Doctorem.“
871 3951 875 3958 ι
894 3891 1004 3949 (Massi
1022 3891 1055 3938 it.
1074 3891 1124 3940 tx.
1147 3891 1203 3940 coi·
1223 3889 1276 3942 593

220 4040 251 4102 *)
269 4047 297 4094 s.
319 4049 464 4108 augustin.
485 4063 509 4099 c.
528 4051 633 4102 iuiiiiii·
652 4051 672 4098 i.
693 4053 719 4102 2·
739 4067 768 4102 ii.
787 4053 834 4104 37.
871 4055 914 4106 ci.
934 4071 962 4107 u.
979 4055 1015 4108 si
1040 4061 1068 4107 ct
1085 4056 1131 4108 36.

201 4136 251 4202 **)
270 4143 298 4192 S·
318 4143 448 4194 vincent·
470 4147 557 4197 iiirin.
577 4147 769 4200 coininouiior.
791 4163 815 4201 c.
835 4151 861 4202 3.
883 4153 940 4213 (ed.
962 4149 1077 4214 tintus.)

184 4235 252 4300 ***)
271 4239 315 4292 ci.
334 4243 362 4292 s.
384 4243 465 4293 viiic.
488 4244 575 4296 Lirin.
595 4245 758 4298 conmontt.
778 4261 804 4300 c.
820 4247 865 4300 31.
886 4251 945 4308 (cd.
966 4252 1076 4335 linium)
