2880 4660
209 291 274 360 aad

217 459 338 526 honam
361 454 438 520 fidei
459 451 685 532 continentes,
717 452 900 540 „profanae
928 459 964 518 et
983 469 1103 518 marae
1129 453 1328 522 eruditionis

243 536 493 612 romtuarium;“
521 538 637 621 scripti
657 545 736 602 sunt
757 537 831 603 libri
852 536 908 602 isti
931 545 1008 622 post
1028 555 1059 602 a.
1085 537 1156 602 180.
1200 539 1266 605 llis
1291 542 1328 606 in
1415 553 1416 556 ’

217 565 312 694 {ibris
340 622 545 703 Theophilus
568 621 749 705 Autolyco,
781 622 887 686 amico
916 640 976 685 suo
1007 618 1187 688 Gentilium
1217 625 1329 688 seems

218 713 367 795 impense
389 708 533 782 addicto,
555 712 610 770 ast
630 706 758 770 erudito
780 712 815 770 ot
837 705 990 770 veritatis
1011 707 1253 786 amantissimo,
1266 707 1328 773 de·
1415 745 1416 748 =

218 807 404 860 monstrare
426 809 617 877 aggressus
639 798 703 862 est,
725 808 838 854 ueram
860 809 940 855 esse
962 788 1143 854 doctrinam
1157 789 1327 856 Christia-

221 898 307 948 nam,
330 875 491 962 gentilem
514 893 593 939 vero
615 875 884 957 superstitionem
907 873 1087 938 innumeris
1109 881 1241 939 scotere
1265 875 1329 940 ab·

219 959 448 1038 surditatibos,
470 966 568 1042 atque
592 976 706 1022 omnes
727 958 852 1022 sensim
875 959 980 1022 amico
1000 977 1063 1022 suo
1085 957 1200 1023 adimit
1229 979 1330 1023 scro-

219 1046 333 1132 pulos,
364 1043 565 1120 ostendens,
598 1043 699 1106 etium
731 1039 939 1106 Christianos
975 1040 1078 1106 Deum
1110 1061 1205 1106 suum
1235 1051 1331 1108 cerlo

221 1128 362 1214 quadam
386 1129 513 1192 ratione
536 1125 670 1202 vidore,
698 1125 762 1190 etsi
791 1124 936 1190 risibilia
957 1126 1030 1207 ejus
1052 1125 1232 1190 simulacra
1262 1147 1329 1192 non
1416 1155 1417 1168 ι

220 1213 375 1289 habeant,
397 1211 528 1276 seilicet
548 1226 607 1294 por
629 1208 739 1295 iidem,
762 1216 796 1273 et
817 1207 995 1292 aliquando
1017 1209 1149 1274 visione
1172 1209 1330 1275 lruituros
1416 1293 1417 1298 ἵ

220 1317 302 1362 esse
348 1302 400 1360 ost
423 1293 715 1368 resurrectionem,
749 1313 847 1378 quam
876 1294 907 1359 ei
942 1291 1091 1378 pluribus
1124 1292 1331 1359 demonstrat

220 1381 295 1460 (lib.
317 1317 380 1464 {lq
408 1377 567 1460 deinceps
589 1395 655 1442 non
677 1395 757 1442 esse
786 1379 935 1442 insanam
958 1375 1219 1443 Christianorum
1247 1378 1331 1443 doc-

219 1464 352 1542 trinam,
374 1463 492 1542 probat
514 1479 557 1525 ex
579 1458 737 1536 absurda,
758 1462 852 1526 uario
872 1461 1003 1547 sibique
1025 1463 1192 1528 contraria
1210 1461 1331 1527 Genti-

219 1549 298 1614 lium
322 1547 364 1612 de
388 1547 487 1610 rebus
510 1544 632 1610 divinis
655 1544 823 1623 doctrino,
846 1546 898 1609 coi
923 1548 1060 1630 opponit
1084 1546 1277 1631 praeclaras
1299 1547 1331 1610 in

220 1629 405 1716 Scripturis
426 1628 564 1694 Veteris
578 1627 785 1694 Testamenti
807 1629 926 1714 ubique
949 1629 1069 1696 obvias
1092 1628 1265 1695 doctrinas
1289 1631 1330 1695 de

246 1715 472 1797 uibuscunque
502 1711 617 1778 'summi
645 1713 797 1778 momenti
827 1714 1078 1799 quaestionibus
1110 1707 1200 1800 [lib.
1232 1709 1345 1800 ll.];'
1417 1764 1418 1794 ,

221 1736 366 1883 denique
390 1805 426 1862 ut
447 1797 480 1863 ei
504 1802 666 1880 patescat,
682 1794 891 1862 Christianos
914 1815 976 1862 nec
998 1797 1108 1882 turpia
1121 1798 1181 1864 illo
1195 1799 1332 1863 scelera

221 1883 305 1968 ipsis
328 1883 426 1947 toties
448 1881 579 1963 objecto
601 1881 821 1960 committere,
855 1899 917 1946 nec
946 1889 1116 1947 recentem
1144 1900 1224 1947 esse
1252 1901 1332 1947 sec-

220 1978 311 2043 tam,
347 1985 460 2032 eorum
497 1965 742 2043 innocentiam,
784 1973 820 2030 et
862 1965 1090 2051 antiquitatem
1129 1968 1332 2049 primaevam

220 2052 417 2148 scriptorum
429 2048 566 2113 Veteris
577 2047 784 2113 Testamenti
807 2047 916 2114 insius
940 2049 1057 2135 prohat
1081 2049 1153 2126 (lib.
1175 2049 1269 2126 lll.).

219 2135 385 2200 Rationes
407 2135 480 2214 ejus
501 2131 631 2197 solidae
653 2138 731 2196 sunt
753 2139 785 2198 et
806 2134 1026 2220 stringentes,
1043 2133 1151 2218 stylus
1167 2153 1241 2199 cum
1262 2135 1331 2218 pri·
1417 2175 1418 2196 2

222 2218 284 2282 mis
307 2216 503 2301 perspicuus
527 2223 561 2281 el
581 2215 744 2302 elegans3
802 2216 917 2281 lurima
944 2219 990 2282 ibi
1016 2217 1121 2283 refert
1152 2237 1195 2283 ex
1223 2219 1331 2303 poetis

222 2309 258 2368 et
281 2300 497 2462 liql⁰⁸⁰¹gg¹¹⁸v
519 2317 582 2366 nec
603 2317 668 2365 non
691 2318 735 2365 ex
756 2237 972 2390 chronologia
993 2303 1081 2368 scitu
1102 2301 1203 2368 valde
1231 2308 1332 2390 gralo

224 2394 260 2453 et
283 2393 328 2452 utr
344 2405 385 2450 ra.

309 2523 458 2588 Hermiae
479 2524 622 2610 denique
643 2521 875 2610 philosophus,
897 2524 1089 2612 ceteroquin
1109 2525 1211 2611 plane
1233 2525 1334 2613 igno-

223 2617 295 2689 tus,
327 2609 370 2674 ad
408 2607 492 2674 haec
520 2618 629 2675 tamen
660 2615 809 2692 tempora
836 2607 1049 2690 referendus,
1077 2611 1270 2697 elegantem
1300 2615 1335 2678 et

222 2701 431 2778 peracutum,
462 2690 641 2777 aliquando
663 2697 773 2755 tamen
802 2692 1037 2758 subobscuram
1064 2694 1334 2779 scriptiunculam

225 2792 388 2870 conserit,
422 2809 508 2874 quoe
539 2791 744 2858 inscribitur:
789 2775 934 2852 lrt't'ct'o
960 2778 1171 2854 Gentilium
1204 2782 1333 2880 philo-

226 2879 451 2974 sophorum
472 2891 505 2954 in
551 2911 593 2958 ua
615 2891 856 2977 philosophiam
877 2897 920 2962 ab
943 2898 1077 2982 angelis
1099 2897 1196 2962 malis
1227 2897 1334 2964 tradi-

223 2984 292 3041 tam
314 2994 403 3050 esse,
426 2992 489 3038 occ
512 2912 580 3041 uilo
600 2975 752 3042 evidenti
772 2980 901 3044 ratione
922 2981 994 3060 niti,
1016 2982 1133 3068 prohat
1148 3001 1192 3046 ex
1213 2984 1335 3048 absur-

226 3059 279 3124 dis
303 3068 337 3122 et
359 3061 444 3123 inter
465 3077 503 3123 se
536 3060 763 3147 pugnantibus
795 3063 1062 3151 philosophorum
1090 3067 1271 3131 sententiis
1300 3067 1332 3130 in

225 3143 328 3208 rebus
363 3142 477 3209 summi
510 3145 677 3212 momenti.
721 3143 840 3231 Stylus
874 3149 1037 3216 candidos
1072 3158 1108 3216 et
1148 3148 1333 3234 pellucidae

225 3227 347 3314 gratiis
369 3237 404 3294 et
426 3228 595 3313 leporibus
617 3229 763 3296 festivus
785 3240 850 3298 est.
872 3233 931 3315 ”t

277 3517 305 3582 ‘)
325 3526 425 3645 quqttq
439 3530 541 3646 qpqtmn
568 3530 595 3647 qn
616 3529 696 3648 golla.
716 3532 845 3647 quartus
862 3533 930 3593 opp.
956 3533 1111 3652 qil-Justhrt
1139 3532 1189 3594 (ut
1205 3545 1289 3618 supra
1307 3547 1333 3594 a·

333 3625 404 3726 „a
429 3598 745 3730 otrannus:
765 3603 1039 3734 balatonna
1060 3601 1198 3724 halt:
1227 3605 1333 3724 llll

331 3733 434 3783 Oxonli
454 3733 531 3788 obal.
558 3739 585 3786 ln
608 3737 670 3788 12⁰.
698 3740 743 3787 ed·
768 3738 796 3787 J·
823 3739 853 3788 0.
886 3741 969 3790 wmt
997 3743 1147 3805 llamburgl
1178 3742 1255 3794 tuac.
1286 3739 1332 3793 8⁰.

332 3796 502 3934 ssgugsgpqm
519 3797 689 3869 sstlruemomi
708 3801 786 3866 ibert-
806 3803 852 3857 rott
865 3803 1009 3872 &muham
1027 3809 1076 3859 unt
1089 3807 1244 3874 datarus.
1269 3806 1332 3872 triae

264 3961 309 4024 **)
328 3969 527 4097 Ιρῑὲᾓοιέιιιιίε
550 3971 835 4093 ΙιιιΙΕιΙὲι.ῃΜιὲιιιΙιιιι
853 3977 923 4039 opp.
947 3979 977 4026 s.
996 3979 1100 4029 Justlnl
1125 3979 1176 4038 (at
1197 3989 1285 4040 supra
1307 3989 1331 4036 p·

334 4052 449 4156 'l'attand
462 4051 566 4158 0Oxonelt
588 4053 736 4172 lqooqeqn
750 4047 917 4168 wgqqlquth·
932 4047 1333 4179 Sqeprltiratlljmoegdtss'msseffcl:

337 4179 424 4225 llalue
445 4176 523 4228 tlon.
552 4207 579 4220 -
611 4183 1329 4250 edetaltustr.menselnugo.notar.18t0··-
1418 4209 1419 4238 ι

333 4240 451 4308 meotida
468 4243 585 4309 bernice
603 4245 770 4314 botrorum
788 4251 829 4308 tto
845 4248 924 4318 heito.
944 4252 1057 4322 albitus„
1076 4251 1156 4318 thal.
1175 4251 1222 4308 mit
1241 4247 1330 4306 etad
