2948 4662
180 305 278 394 ‚eos

218 472 355 540 Mariam
378 469 552 560 Virginem
575 487 648 534 noo·
662 468 833 548 extitisse,
863 485 980 536 nornen
1003 467 1081 534 Filii
1101 468 1166 554 ilci
1190 489 1238 538 ex
1261 472 1324 540 ho·

217 561 270 626 nis
292 565 327 624 et
343 556 445 638 justis
467 554 540 620 suis
561 553 715 639 operibns
739 553 937 639 accepisse,
970 552 1122 635 adeoque
1145 555 1176 620 itt
1205 575 1324 624 sacra-

217 649 330 709 mento·
350 639 582 706 Eucharistiae
603 637 804 723 sanguinem
836 635 985 720 ejusdem
1008 635 1132 703 Christi
1158 642 1322 727 corropti-

218 727 315 794 bilem
338 742 417 790 esse
438 724 485 802 ¹).
550 722 726 788 Adversus
749 740 868 788 novom
896 720 960 788 hoc
987 727 1166 788 monstrum
1198 726 1323 809 primos
1363 733 1370 746 “

217 809 397 878 insurrexit
427 806 609 891 Dionysius
646 805 912 886 Alexandrinus,
938 821 1077 884 curans,
1104 813 1140 872 ut
1170 807 1323 893 synodus

220 893 416 963 Antiochiae
439 891 605 957 adversus
627 907 700 956 eum
723 897 918 977 cogeretur,
940 888 1112 975 literisque
1134 890 1178 956 od
1202 893 1324 959 Antio-

217 981 343 1048 cheoos
366 977 454 1042 dotis
476 975 519 1040 ab
541 976 615 1058 ejus
636 975 804 1041 erroribus
824 973 900 1039 illos
925 975 1169 1059 praemuniens.
1217 979 1323 1044 Ante-

143 1093 145 1099 2
216 1083 313 1150 quam
336 1081 417 1128 vero
441 1077 544 1125 causa
562 1061 634 1124 ista
655 1058 698 1124 ad
722 1058 817 1124 hoem
845 1059 1008 1144 perducta
1038 1058 1174 1136 luisset,
1194 1059 1325 1146 Diony-

217 1152 288 1216 sius
306 1147 386 1213 obiit
408 1162 495 1210 anno
517 1147 579 1208 266
588 1145 651 1221 *“).
676 1141 856 1228 Dionysius
879 1142 945 1220 hic,
966 1143 1018 1209 vir
1037 1161 1103 1209 noa
1124 1143 1231 1210 minus
1253 1165 1324 1212 om-

218 1235 345 1320 nigena
372 1227 573 1307 eruditione,
609 1227 722 1294 critico
753 1225 879 1310 ingenii
909 1226 1061 1298 acumine
1092 1233 1126 1293 et
1157 1228 1324 1308 facundia,

239 1336 313 1383 uam
336 1316 427 1380 uitae
448 1313 641 1389 sanctitate,
662 1311 829 1377 modestia
850 1318 885 1376 et
906 1310 1124 1388 humanitate,
1146 1319 1181 1376 st
1205 1330 1247 1377 oe
1268 1331 1325 1378 ar-

217 1337 309 1468 denti
332 1401 364 1467 in
388 1415 503 1464 omnes
532 1396 671 1462 caritate
706 1395 943 1462 celeberrimas
967 1397 1037 1477 jhm
1068 1394 1157 1479 apud
1180 1333 1324 1464 gereres

219 1486 338 1568 Magni
365 1497 549 1570 cognomen
588 1481 664 1546 tulit
684 1481 779 1561 sse),
806 1478 871 1545 imo
893 1497 914 1546 a
936 1478 1055 1546 hutino
1079 1480 1323 1562 „nobilissimus

219 1567 373 1636 Patrum“
397 1565 584 1652 appellator
607 1567 654 1643 †).

716 1803 753 1892 S.
778 1817 829 1882 oo.

461 1957 494 2022 S.
522 1957 673 2038 Dionysii
696 1955 918 2020 Alexandrini
941 1955 1089 2040 Scripta.

303 2127 341 2190 S.
363 2123 548 2208 Dionysius
569 2123 706 2209 scripsit
734 2122 839 2189 valde
865 2122 967 2188 molta
989 2120 1052 2201 (S.
1076 2123 1181 2189 Besil.
1211 2143 1264 2210 ep.
1294 2131 1324 2193 9.

220 2229 259 2275 ιι..
277 2213 331 2289 2),
353 2228 487 2294 qnorum
508 2217 618 2273 tamen
642 2226 721 2292 pars
742 2208 848 2294 longe
869 2208 1011 2273 maxima
1036 2209 1169 2274 interiit.
1214 2211 1326 2278 Pauca
1454 2218 1460 2257 ⁵

217 2311 310 2370 vero,
334 2311 421 2377 quae
442 2293 485 2356 ad
509 2309 570 2357 nos
594 2301 828 2376 pervenerunt,
838 2293 1035 2376 scriptorum
1048 2294 1122 2376 ejus
1136 2293 1326 2383 fragments

150 2447 154 2456 ,
219 2377 372 2442 eximiam
396 2377 427 2440 in
451 2376 514 2442 hoc
536 2376 637 2442 Patre
660 2377 766 2442 luisse
789 2374 996 2462 prudentiam
1018 2381 1052 2442 el
1084 2377 1183 2443 animi
1211 2379 1326 2444 mode·

217 2463 378 2528 tationem
408 2466 586 2527 testantur.
630 2459 765 2546 Scripta
796 2462 869 2543 ejus
904 2460 1074 2527 commode
1101 2471 1244 2549 possunt
1272 2464 1326 2532 di-

219 2546 348 2635 stingui
370 2546 403 2611 io
426 2546 529 2612 lihros
550 2551 586 2611 et
607 2547 781 2631 epistolas.

302 2657 330 2724 1.
375 2658 548 2724 Librorum
582 2657 640 2722 vix
675 2675 760 2723 anos
790 2656 926 2742 integer
953 2660 1058 2722 extat.
1100 2654 1188 2724 Sunt
1213 2663 1324 2728 antem

221 2748 427 2830 sequentes:

288 2867 331 2956 l)
353 2849 658 2929 Commentarios
691 2852 815 2930 drevic
846 2858 889 2928 ia
924 2857 1160 2954 principiam
1190 2853 1329 2933 Eccle-
1459 2875 1460 2938 i

353 2963 515 3044 stactae,
560 2974 618 3051 ††l
641 2972 773 3038 scilicet
793 2973 826 3036 in
849 2988 923 3119 cap.
962 2971 975 3035 l
998 3011 1040 3022 -
1062 2991 1134 3060 cap.
1149 2975 1188 3038 utt.
1210 2995 1243 3040 v.
1277 2977 1328 3040 11.

349 3054 552 3140 Explaoatio
573 3055 702 3122 isthaec
723 3055 871 3122 continet
916 3053 1010 3120 revia
1028 3053 1167 3124 Scholia
1188 3058 1231 3125 ad
1254 3055 1330 3124 illn-

351 3140 509 3206 strandos
532 3157 591 3206 cos
619 3158 758 3220 versos,
787 3141 822 3204 io
853 3139 973 3226 quihus
1001 3139 1108 3207 lector
1138 3143 1329 3230 imprudens
1453 3210 1460 3239 ,Ἴ

277 3449 303 3513 ·)
321 3455 485 3504 'rtreodoreh
505 3453 619 3503 Haeret.
636 3453 735 3503 Fabul.
755 3465 781 3503 c,
800 3451 828 3504 8.
846 3455 875 3501 s.
886 3453 1023 3516 nptptan.
1041 3455 1153 3506 haeres.
1171 3455 1217 3508 66.
1235 3457 1332 3505 &lto-

330 3527 436 3586 gostta,
460 3527 495 3573 de
515 3523 624 3574 haeres.
650 3535 677 3572 c.
696 3522 740 3576 tn.
784 3523 812 3572 9.
833 3522 951 3586 Dionys,
969 3525 1054 3578 Alex.
1078 3515 1119 3585 (2)
1144 3523 1276 3588 nospsos.
1295 3527 1332 3576 ttd

332 3593 409 3643 Pauli
429 3595 534 3643 Sarnos.
553 3591 735 3658 Quaest01V·
755 3591 796 3654 (p.
815 3593 963 3650 tan—et).

260 3685 306 3752 ss)
326 3690 428 3740 nosen.
447 3690 498 3740 111.
519 3688 546 3739 7.
569 3701 595 3740 ο.
615 3688 662 3742 27.
687 3687 732 3740 28.
750 3686 796 3742 29.
815 3687 862 3742 39.
896 3693 925 3741 Ι.
946 3692 1109 3754 literooyn.
1133 3691 1169 3741 do
1193 3689 1330 3751 scriptor.
1459 3721 1460 3728 ι

331 3760 434 3810 eccles·
454 3772 480 3808 c.
500 3756 545 3810 69.

243 3845 308 3918 ***)
327 3856 429 3974 Euolet).
454 3857 557 3906 nister.
582 3855 692 3906 Euclea
724 3854 775 3905 111.
799 3853 827 3907 7.
871 3857 997 3909 prooem·
1029 3857 1059 3906 Β.
1084 3852 1170 3908 Basti.
1195 3865 1242 3918 ep.
1271 3852 1331 3908 188.

331 3937 356 3974 c.
396 3954 404 3972 .

276 4016 309 4082 †)
327 4021 418 4072 liuilni
436 4022 539 4071 Hister·
559 4020 669 4073 Eccles.
689 4023 737 4074 lih.
757 4022 784 4075 7.
805 4037 831 4074 ο.
852 4025 878 4075 1.

262 4113 312 4180 ††)
330 4119 431 4170 Eusoh.
454 4119 506 4170 111.
525 4117 552 4171 7.
578 4133 604 4171 ο.
624 4119 669 4172 26.
709 4123 739 4172 s.
758 4123 922 4185 fltsronyn.
947 4125 983 4173 de
1008 4125 1079 4174 rlrls
1106 4123 1210 4174 illustr,
1233 4134 1260 4172 c.
1286 4117 1332 4171 69.

331 4192 433 4315 §.ratgap
458 4191 581 4242 hextoon
604 4189 630 4242 ι’.
649 4206 678 4241 v.
698 4189 846 4246 Αιοννσιος
873 4191 933 4252 (οι).
958 4192 991 4243 la
1010 4191 1165 4244 lidstorl'.
1184 4193 1207 4242 1.
1233 4203 1262 4253 ιι.
1280 4188 1332 4240 691
