2946 4654
1165 311 1318 392 w,

285 493 325 558 nt
344 486 389 555 ad
411 486 647 577 praestandam
663 487 799 577 generis
820 487 953 554 normani
983 489 1016 554 in
1038 495 1210 575 peecatum
1232 497 1268 558 et
1394 505 1397 512 ’

283 579 421 642 mortam
444 573 533 660 lapsi
561 570 833 640 instaurationem
861 573 945 640 idem
959 573 1219 654 'Dei-Verbum,
1245 593 1268 641 a

287 655 481 745 quaomnia
503 655 661 723 initioex
693 656 797 722 nihilo
826 657 917 724 taeta
952 664 1048 738 sunt,
1086 677 1265 726 succurre-

285 748 356 824 ret,
377 761 421 810 ne
442 760 553 829 genus
574 739 749 808 humanum
795 741 896 807 erlret
924 747 976 820 (a.
1000 743 1155 821 1-7.).
1200 744 1267 808 Ast

211 841 213 846 ’
285 831 531 912 praeterquam,
555 823 642 910 quod
662 823 725 889 llei
779 823 849 890 erbi
871 825 997 891 auxilio
1020 845 1103 910 opus
1125 833 1199 894 erat
1221 827 1266 892 ad
1308 875 1317 889 .

158 967 160 972 ,
285 928 322 977 re
345 908 504 976 arandum
527 914 561 976 et
583 907 783 976 salvandum
805 927 915 996 genus
935 908 1130 990 humanum,
1166 907 1275 996 opor-¹

165 1293 186 1312 ,-
283 1243 399 1310 mortis
422 1243 599 1311 adversum
621 1263 683 1310 nos

285 929 378 1059 tegat
407 993 526 1064 etiam,
561 1003 597 1058 nt
626 992 689 1060 Dei
719 991 865 1061 Verbum
896 1011 1016 1078 eorpus
1045 1001 1193 1062 nostrum
1222 1013 1266 1060 ex

284 1076 498 1174 immaculata
520 1075 665 1164 Virgine
687 1081 886 1172 assumeret,
908 1076 1038 1175 duatus
1061 1079 1266 1163 potissimum

279 1179 329 1226 ex
359 1179 496 1228 eausrsr
535 1163 568 1238 l)
591 1165 625 1226 ut
648 1162 1266 1314 proprppprfippprlpuismrmppprlppdptlegp
1344 1215 1347 1222 ,

283 1335 419 1394 mortem
451 1347 545 1394 saam
570 1328 669 1422 uitae
684 1262 912 1415 piineipinm,
951 1263 1031 1396 (iffi
1057 1293 1128 1416 spe,
1152 1266 1291 1398 νοθεῖ(

237 1433 240 1440 ·
278 1412 400 1500 'gordi
423 1413 520 1477 nobis
544 1413 719 1479 innovaret
741 1415 788 1491 (n.
810 1412 967 1494 8-10.l3
1000 1415 1040 1492 2)
1063 1424 1099 1479 nt
1121 1431 1266 1480 renora-

285 1503 375 1562 retnr
396 1491 577 1564 similitudo
599 1495 679 1578 illa,
707 1501 772 1584 qna
801 1495 844 1562 ad
868 1494 932 1562 Dei
954 1498 1133 1586 imaginem
1155 1499 1266 1564 sactus
1328 1529 1331 1534 ·
1421 1523 1468 1544 ··

245 1647 265 1664 Ι,
285 1587 339 1644 est
360 1578 473 1661 homo,
495 1588 531 1648 nt
551 1580 661 1648 Deum
680 1599 741 1668 per
762 1578 853 1646 illam
874 1579 983 1647 denno
1006 1589 1180 1666 possemus
1205 1601 1265 1648 co·

284 1681 455 1817 gnoscere
475 1667 528 1746 (n.
553 1668 591 1730 ll
615 1698 659 1720 -ι
681 1668 763 1744 ld).
809 1663 940 1731 dblrine
962 1671 1268 1753 praeoccupatums.

179 1771 181 1776 ·
208 1755 211 1762 “
318 1749 463 1815 entilinm
485 1749 691 1834 adjectiones
714 1747 871 1827 ostendit,
889 1747 1265 1839 assumtionemeorpo·

213 1887 216 1894 ,
285 1835 333 1918 ria
355 1831 493 1899 hnmani
509 1834 581 1900 lle'o
604 1833 733 1900 minime
754 1832 863 1898 luisse
884 1831 1079 1920 indignam,
1114 1833 1179 1898 imo
1203 1851 1265 1919 po·

249 1931 250 1936 ’
285 1921 354 1985 tins
384 1924 420 1999 et
449 1917 537 1985 vitoe
566 1918 671 2008 ipsius
700 1918 788 1996 lata,
815 1917 1011 2002 praesertim
1041 1917 1201 1982 miracula
1221 1915 1265 1982 ab

286 2021 327 2070 eo
350 2007 499 2088 patrata,
530 2006 565 2067 et
593 2008 729 2068 mortem
751 2019 891 2088 eamque
912 1999 1166 2084 ignominiosam
1187 2015 1266 2068 ara-

139 2169 143 2176 .
214 2121 219 2128 ·
285 2087 357 2165 eis,
393 2091 429 2152 et
460 2085 734 2152 resurrectionem
768 2092 885 2171 postea
920 2085 1154 2164 subsecutam,
1190 2085 1265 2152 Deo

281 2169 425 2238 maxime
446 2169 553 2256 digna
574 2175 609 2235 et
630 2169 804 2255 praeclara
826 2167 984 2238 bonitatis
1011 2188 1051 2236 ae
1076 2169 1265 2319 sapienpiae

160 2257 175 2268 ''
283 2253 390 2342 ipsius
407 2254 597 2339 specimina
619 2247 698 2320 esse
720 2259 766 2332 (n.
780 2253 941 2335 17-32.).
965 2249 1093 2320 Dehinc
1107 2274 1139 2320 rn
1157 2256 1189 2320 al
1207 2273 1266 2321 era

270 2345 378 2425 lparts
400 2340 521 2406 transit
543 2337 586 2404 ad
609 2335 815 2405 refellendas
837 2338 1042 2421 objectiones
1060 2339 1264 2406 dudaeornm
1303 2361 1306 2368 ¹

227 2461 231 2468 ·
286 2429 323 2490 et
344 2423 535 2490 Gentilium.
579 2421 782 2488 Jndaeoram
811 2422 1052 2488 infidelitatem·
1068 2441 1111 2488 ex
1143 2422 1265 2492 vatici-

283 2507 352 2574 niis
379 2507 516 2574 Veteris
542 2505 753 2592 Testamenti
788 2507 954 2594 insignem
983 2507 1016 2571 in
1047 2505 1177 2572 modum
1206 2524 1264 2574 re-

285 2588 437 2679 darguit,
466 2585 662 2674 praesertim
691 2589 940 2657 celeberrimum
963 2587 1116 2655 Danielis
1145 2588 1264 2655 vatici-
1294 2651 1301 2660 ,

281 2671 371 2740 ninm
392 2675 436 2741 de
455 2673 673 2763 septuaginta
695 2668 959 2744 hebdomadibus
981 2674 1265 2759 accurate‘exposs
1387 2668 1405 2726 '-

283 2775 367 2825 nens
396 2761 449 2840 (a.
472 2761 664 2838 33-40.).
688 2829 704 2843 ,ἢ
720 2759 802 2830 Tum
831 2757 876 2824 ad
899 2757 1051 2823 Gentiles
1078 2777 1263 2824 conversus

281 2843 386 2993 primo
407 2845 523 2910 varias
545 2862 656 2910 eorum
679 2843 903 2926 objectiones,
930 2843 1049 2928 quibas
1072 2842 1274 2936 mysterium,
1292 2860 1320 2894 ⁴
1347 2894 1360 2925 ,

300 2928 527 2994 nearnationis
553 2925 663 2996 'Verbi
685 2927 749 3002 liei
780 2926 919 2993 irridere
945 2926 1119 3006 solebant,
1148 2927 1263 2994 sutiles
1361 2969 1370 2987 .

160 3069 164 3080 .
260 3030 361 3090 ¹esse
384 3013 541 3091 ostendit,
564 3012 754 3091 declarans,
775 3009 840 3078 nea
860 3012 1064 3098 impossibile
1087 3011 1177 3088 esse,
1199 3029 1263 3078 nee
1282 2998 1298 3028 ⁸

283 3095 487 3179 absurdum,
517 3097 664 3164 Verbum
686 3095 752 3164 Dei
778 3098 811 3163 in
834 3111 971 3183 corpore
994 3096 1134 3174 normano
1156 3113 1257 3181 appa·

286 3179 414 3265 ruisse3
435 3180 573 3266 exponit
595 3189 658 3248 eur·
672 3199 740 3251 non
757 3198 816 3265 per
829 3179 915 3246 alias
930 3177 1136 3264 pulmunes
1154 3177 1263 3247 mundi
1330 3187 1340 3208 ·

156 3317 160 3324 .
283 3267 398 3346 partes
421 3267 621 3350 apparuerit,
636 3283 706 3334 ‚nee
727 3263 957 3350 splendidiore
979 3263 1120 3348 quodam
1138 3249 1264 3328 instru-

285 3350 416 3428 menta,
437 3348 499 3413 sed
522 3348 651 3417 homine
670 3346 875 3414 solummodo
898 3352 992 3412 nium
1015 3349 1132 3426 fuerim
1162 3353 1263 3430 atque

128 3411 130 3416 ’
223 3461 225 3467 ·
284 3427 508 3512 demonstrat,
541 3453 606 3499 noar
628 3433 821 3510 mechaniee
842 3438 989 3510 tantum,
1010 3430 1083 3497 solo
1104 3436 1200 3508 nntu,
1227 3433 1264 3494 nt

283 3513 360 3581 olim
382 3516 596 3598 creationem,
617 3517 688 3584 lieri
710 3517 869 3584 debuisse
890 3513 1154 3582 renovationem·
1185 3531 1268 3580 ene,

245 3597 266 3699 ἑ
282 3598 330 3665 ris
352 3597 485 3670 humani
512 3600 569 3689 (n.
596 3599 770 3688 41-45.].
813 3600 878 3666 llis
908 3599 1102 3685 praemissis
1129 3533 1186 3666 arf
1205 3617 1263 3666 eo-

239 3707 242 3724 ·
283 3683 420 3750 urndem
443 3686 648 3769 abjectiones
671 3684 919 3760 destruendas,
942 3681 1264 3752 demum-'abedee-
1326 3691 1329 3700 '

187 3817 191 3826 l
233 3810 236 3818 ,
281 3767 370 3834 tibus
397 3770 509 3848 miris,
528 3779 679 3856 'anorum
717 3770 858 3837 omnium
889 3787 994 3836 aalma
1023 3769 1265 3840 efficiens-est
1312 3780 1331 3813 ⁶

281 3849 454 3930 Christus,
476 3855 708 3942 etia‘qnibus
729 3857 837 3922 virtus
859 3870 941 3923 vere
958 3853 1089 3930 divina,
1111 3872 1176 3920 non
1199 3853 1263 3922 hu-

223 3977 227 3984 ·
280 3950 377 4000 mana
410 3945 535 4004 nantum
563 3961 644 4007 sese
671 3941 817 4020 exserit,
844 3938 1017 4026 religionis
1050 3938 1263 4005 Christianae

166 4029 170 4036 ’
282 4016 490 4088 divinitatem
512 4021 718 4102 demonstrat
734 4025 790 4118 (n.
812 4018 1009 4108 216-55‘.].‘
1033 4023 1071 4088 ln
1105 4023 1169 4094 tino
1199 4021 1264 4084 ad-

281 4101 396 4171 monet
407 4106 583 4184 'lectorem
607 4119 652 4186 nt,
674 4129 738 4195 qno
760 4103 879 4174 melius
901 4107 985 4172 haec
1007 4107 1115 4172 omnia
1132 4102 1263 4190 perspi-

282 4187 360 4268 ciat,
382 4189 426 4258 ad
448 4189 717 4287 &Scriptorum
739 4190 920 4279 perfugiat,
943 4191 1129 4257 observans
1141 4197 1263 4260 tamen,

102 4367 106 4374 ¹
172 4275 186 4291 “
218 4343 223 4354 ,
283 4281 318 4336 nt
340 4273 415 4358 quis
437 4293 511 4342 eam
533 4276 726 4364 intelligere
747 4277 874 4374 possit,
907 4274 1131 4368 essetecum
1161 4269 1263 4336 vitatu
