2880 4660
1175 291 1237 356 all

249 449 397 539 deniqne
418 448 624 517 subditorum
648 448 760 518 ottlcia
781 453 890 520 omnia
903 471 1031 521 summa
1045 453 1112 522 ndo
1126 454 1236 522 adim-

252 537 358 621 plere,
372 554 422 633 ‘ao
445 554 503 620 pro
519 534 757 620 Imperatorum
780 539 877 604 etiam
900 557 984 605 vera
1005 539 1115 606 salute
1135 541 1235 608 enixe

199 639 380 771 laphitcehhl
400 621 666 790 hirti-signitur
688 703 917 768 rieraomlrntr‘o
933 707 1082 772 orerilulr'r
1099 709 1234 793 religio·

117 789 170 850 aria
195 788 407 852 Christianae
437 797 486 862 (n.
511 789 589 861 111).
646 787 744 853 Hauc
767 795 877 855 autem
900 787 1090 858 Gentilibus
1112 798 1148 858 ut
1167 811 1232 860 ve-

121 893 192 938 ram
215 878 251 938 et
272 871 505 942 rationabilem
528 880 575 946 (n.
599 873 650 936 13.
674 877 709 936 et
730 873 795 947 53.)
824 872 1032 940 commendat
1062 879 1094 956 1)
1116 876 1156 939 ab
1179 878 1231 960 ef-

113 957 277 1040 fectitas,
302 975 399 1041 quem
423 957 455 1019 in
477 954 577 1022 tinem
599 954 780 1021 mirabilem
802 956 902 1023 totius
930 958 1019 1043 vitae
1046 977 1233 1046 murumque

123 1041 337 1106 mutationem
361 1039 526 1121 delineat,
549 1059 644 1125 qnam
667 1040 690 1105 ii
737 1057 795 1105 rae
815 1057 856 1106 se
878 1040 1002 1119 terunt,
1029 1045 1083 1128 qni
1104 1062 1126 1108 a
1148 1042 1232 1110 dae-

122 1143 252 1189 nonrrm
282 1123 375 1190 cultu
405 1131 621 1190 recesserunt
649 1131 685 1190 et
710 1059 809 1190 huam
831 1123 956 1192 Christi
984 1127 1129 1212 amplexi
1154 1135 1234 1193 sunt

121 1222 168 1280 (tt.
194 1210 280 1290 id.)3
313 1213 355 1283 2)
377 1231 397 1270 a
419 1209 626 1290 praestantia
649 1209 818 1272 doctrinae
838 1231 958 1272 moretm
979 1231 1000 1275 a
1020 1211 1108 1277 Jesu
1132 1210 1232 1276 Chri-

121 1300 176 1357 sto
199 1292 386 1358 bominibus
408 1290 564 1368 traditae,
586 1311 683 1379 quom
706 1291 739 1356 in
763 1293 857 1358 tinem
880 1293 1001 1360 eximia
1022 1295 1108 1361 Jesu
1132 1294 1231 1361 Chri·

123 1379 168 1443 sti
198 1385 380 1464 praecepte
408 1374 452 1442 de
480 1376 656 1454 castitate,
690 1374 732 1440 de
761 1374 942 1443 dilectione
963 1377 1103 1446 omnium
1124 1375 1232 1446 homi-

124 1481 220 1536 num,
247 1459 291 1527 dc
313 1461 492 1547 patientia,
520 1461 725 1539 veracitate,
755 1458 945 1528 obedientia
971 1463 1108 1550 regibus
1128 1483 1233 1550 prae-

125 1545 260 1624 standa,
278 1544 321 1612 de
342 1545 476 1612 tributis
498 1550 533 1610 et
553 1545 779 1633 recngalibus
799 1544 974 1612 solvendis
992 1556 1058 1614 etc.
1081 1548 1233 1634 proponit

125 1631 181 1705 (n.
207 1631 371 1711 15ω17.);
407 1629 443 1698 8)
464 1653 485 1694 u
506 1629 714 1714 praestantia
733 1629 902 1692 doctra'aoe
925 1629 1049 1694 ebriari·
1075 1631 1233 1696 theoreti-

124 1735 201 1864 ‘i'ie’
228 1715 504 1864 lltllnlttl
519 1712 937 1864 ‘⁰t'ltt⁰¹¹tltllllt⁸
956 1714 1234 1864 ..titillanti

124 1901 189 1948 ceu
210 1880 379 1948 doctrinas
401 1841 613 1948 Christianae
635 1817 702 1950 arri
731 1886 765 1946 at
787 1887 821 1946 ct
844 1879 961 1965 probat
989 1882 1036 1959 (n.
1061 1881 1233 1969 17-20.)3

124 1969 166 2046 t)
188 1967 229 2032 ah
249 1967 309 2033 illa
331 1967 555 2043 similitudine,
579 1985 665 2065 quae
679 1899 892 2034 Christianae
914 1963 1084 2034 doctrinae
1107 1963 1151 2032 de
1171 1965 1234 2034 im·

124 2053 327 2135 mortalitate
354 2057 389 2116 et
418 2057 680 2131 resurrectione,
710 2067 773 2117 nec
799 2066 863 2116 non
885 2047 928 2116 de
950 2050 1119 2136 mysteriis
1140 2048 1234 2117 ritae

121 2137 210 2202 Jesu
232 2135 358 2201 Christi
380 2134 555 2202 inhaerere
581 2135 713 2202 videtur
734 2151 806 2200 cum
827 2134 996 2201 nonnullis
1017 2133 1233 2221 philosopho-

123 2241 194 2288 rum
216 2229 252 2288 et
275 2225 446 2319 poetarum
469 2220 614 2306 placitis,
630 2221 710 2286 licet
731 2217 816 2285 haec
837 2218 929 2286 illam
952 2238 995 2286 ne
1015 2219 1143 2286 eminus
1156 2221 1233 2308 qni-

124 2307 200 2371 dem
222 2311 394 2390 attingant
414 2311 463 2382 (n.
478 2307 648 2392 *ιθ-2119
679 2307 714 2380 5)
735 2304 872 2390 insuper
894 2304 1069 2371 veritatem
1091 2304 1234 2392 religio·-

122 2391 179 2455 nis
200 2389 415 2475 Christianae
442 2388 520 2454 inde
571 2406 677 2475 noque
707 2386 793 2453 haud
823 2388 965 2454 obscure
987 2388 1104 2472 colligi
1131 2406 1232 2472 posse

126 2473 293 2551 adstruit,
325 2473 409 2558 orrod
439 2473 504 2538 soli
525 2407 707 2540 Christiani
728 2471 902 2556 religionis
924 2489 1007 2536 snae
1029 2469 1235 2554 profitendae

127 2565 165 2622 et
188 2557 400 2622 exercendae
425 2557 580 2623 libertate
607 2574 672 2621 nun
701 2556 873 2632 truantur,
906 2574 969 2620 nec
999 2572 1063 2618 non
1094 2551 1184 2638 quod
1213 2573 1235 2618 a

127 2641 222 2708 cuttu
245 2640 388 2719 deorum
408 2642 463 2728 qui
486 2639 615 2730 flagitia
638 2645 794 2726 patrasse
815 2645 1000 2714 narrantur,
1024 2638 1066 2704 ad
1090 2635 1233 2722 purissi-

123 2747 214 2794 mum
233 2727 328 2792 nnius
341 2723 404 2792 Dei
426 2723 558 2797 cultum,
583 2723 734 2810 quamvis
756 2731 860 2788 morte
882 2723 1064 2809 proposita,
1078 2720 1234 2788 conversi

124 2811 201 2878 huic
223 2829 263 2877 se
286 2811 418 2893 penitus
441 2808 728 2884 consecraverint,
751 2806 880 2872 demum
910 2807 996 2894 quod
1026 2803 1119 2872 nulia
1149 2799 1232 2872 hae-

123 2896 247 2962 reticos
269 2913 384 2961 ornnes
408 2893 593 2979 persecutio
615 2892 763 2972 infestet,
786 2898 822 2955 ut
843 2887 928 2956 adeo
949 2892 1055 2958 solam
1077 2893 1110 2956 in
1134 2887 1233 2956 Chri-

124 2978 246 3044 stianis
267 2979 443 3045 veritatem
471 2999 492 3044 a
524 2978 725 3040 driemoaidar
758 2977 830 3038 odio
864 2973 979 3042 haberi
1010 2979 1141 3041 constet
1174 2981 1231 3049 (n.

124 3065 298 3142 23-26.);
322 3067 358 3138 6)
382 3063 524 3148 deniqne
545 3062 711 3127 luculento
734 3059 887 3143 exemplo
909 3059 1098 3125 Gentilibus
1114 3065 1232 3125 osten-

126 3143 177 3210 dit
198 3148 437 3230 praestantiam
458 3147 632 3234 religionis
656 3143 1000 3238 christianonorum
1028 3141 1161 3210 scilicet
1181 3145 1231 3206 ia·

119 3229 268 3314 joarias
303 3231 553 3316 expositionem,
590 3227 779 3295 Gentilibus
812 3245 940 3312 passim
974 3232 1166 3312 usurpatam
1198 3232 1234 3293 et

175 3313 334 3393 rmissam,
355 3331 560 3401 nequaqnam
584 3313 686 3379 licere
698 3311 819 3380 doceat
832 3313 880 3386 (n.
889 3310 1058 3389 amb).
1081 3308 1147 3374 Uhi
1163 3310 1234 3392 jam

125 3329 352 3466 hisomnibus
375 3398 638 3486 praeparationis
662 3399 787 3484 potius,
819 3411 917 3479 quam
941 3392 1232 3459 demonstrationis

125 3499 231 3550 causa
276 3483 448 3549 roemissis
468 3483 527 3558 (cl.
549 3499 582 3548 n.
598 3483 645 3546 13.
669 3499 701 3544 n.
718 3483 766 3545 14.
789 3497 821 3544 n.
835 3477 883 3546 18.
906 3479 1003 3544 nto.
1027 3477 1121 3543 nib.
1143 3481 1178 3542 et
1199 3489 1232 3542 n.

123 3567 214 3644 30),
269 3567 415 3636 eutitium
438 3569 566 3634 animos
589 3565 765 3649 occupavit
787 3563 1047 3648 promtioresque
1070 3558 1233 3648 reddidit,

118 3653 190 3735 Jam
213 3654 322 3737 ipsam
341 3653 545 3740 aggreditur
566 3650 883 3716 demonstrationem
907 3647 957 3726 (n.
980 3647 1057 3725 bon,
1078 3646 1112 3710 iu
1127 3663 1233 3732 eaque

123 3753 190 3801 non
214 3745 281 3802 tam
303 3755 347 3804 ex
369 3738 547 3815 miraculis,
570 3753 655 3823 quae
677 3733 741 3800 arti
764 3732 914 3816 magicae
933 3732 1078 3797 tribuere
1095 3739 1233 3816 possent

124 3817 296 3899 Gentiles,
318 3822 381 3890 sad
404 3844 447 3892 ex
471 3821 666 3888 certissimis
687 3835 728 3884 ac
752 3815 948 3882 firmiensiis
968 3814 1150 3900 prophetiis
1172 3815 1233 3877 la-

124 3909 348 3970 aoraon'oaera
384 3907 472 3972 lilii
508 3905 572 3968 ller'
605 3909 771 3988 tamqnam
814 3900 936 4000 dogma
974 3897 1233 3967 Christianorum

122 3987 366 4140 tlltlltr‘
389 3981 1234 4142 “llllattint,llitttttltllt‘ttt

123 4149 250 4224 Christi
273 4095 635 4244 mys'teitaipnativrtas
656 4175 701 4224 ex
722 4151 881 4242 Virgine,
916 4153 1075 4222 miracula
1096 4148 1137 4212 ab
1161 4146 1234 4238 ipso

124 4250 279 4328 patrata,
308 4260 398 4312 mors
418 4246 453 4312 in
474 4243 621 4333 patibulo
642 4239 771 4322 crucis,
793 4238 1049 4383 resurrertliffit
1069 4241 1236 4312 usensis,
