2948 4662
394 529 434 542 -
458 491 509 555 De
539 491 614 554 aliis
641 503 777 574 quatuor
808 489 1031 570 Fragmeotis,
1068 511 1149 571 quae
1178 485 1228 553 Μ.
1259 487 1340 552 Chr.

396 574 534 642 Plalfius
563 578 597 637 in
619 573 817 638 'l'aorinensi
840 573 1045 637 Bibliotheca
1074 578 1207 636 inventa
1234 575 1267 634 in
1291 573 1342 634 lu·

394 679 462 723 cetu
487 657 644 740 publicam
667 661 790 734 emisit,
821 657 954 720 multum
978 660 1062 720 inter
1084 660 1170 720 viros
1195 655 1342 718 eruditos
1431 671 1432 694 ¹

397 745 608 824 disceptatum
632 754 694 820 est,
717 755 820 805 utrum
843 743 907 803 siut
930 743 1081 823 genuina,
1106 763 1165 803 nec
1189 761 1241 802 ue.
1287 737 1341 803 Cf.

395 827 472 891 edit.
504 826 650 890 Venetae
680 826 716 890 Ι).
742 825 782 890 ΙΙ.
814 825 959 905 Append.
988 839 1019 886 et
1043 827 1187 903 Lamper
1218 823 1253 886 P.
1279 820 1342 888 tlt.

395 933 425 990 p.
448 917 627 977 asti—44.
671 909 851 991 Utrobique
881 923 1017 990 quatuor
1049 911 1112 969 ista
1141 908 1341 991 Fragmenta

393 1017 442 1077 gr.
471 1009 503 1055 ot
525 993 583 1056 lat.
607 992 801 1056 exhihentur
823 991 918 1055 siurul
943 991 1062 1054 additis
1086 995 1246 1052 rationum
1271 1011 1340 1050 ruro-

394 1081 521 1152 meutis,
545 1099 627 1159 quae
650 1097 761 1140 corum
784 1075 983 1139 authentiam
1004 1076 1180 1138 defendant
1203 1087 1258 1135 aut
1283 1076 1340 1134 im·

397 1172 550 1244 pugnant.

733 1310 840 1403 §.aa

476 1469 511 1534 S.
540 1468 671 1534 irenaei
690 1469 841 1532 doctrina
864 1478 894 1532 et
917 1467 1098 1530 character.

315 1612 353 1704 ln
377 1635 428 1702 his
451 1635 594 1721 quinque
616 1633 727 1712 lihris,
757 1633 834 1702 inde
862 1634 904 1700 ah
933 1632 1162 1718 antiquissimo
1191 1641 1340 1720 tempore

230 1741 357 1788 summo
392 1722 426 1786 in
459 1722 564 1806 pretio
600 1720 744 1796 habitis,
806 1721 962 1803 raecipua
995 1737 1148 1802 qrraeque
1184 1717 1340 1784 Catholi-

231 1825 314 1886 cae,
354 1824 450 1890 quam
491 1803 667 1871 hodiedum
714 1740 918 1888 protitemur,
976 1803 1054 1868 fidei
1094 1803 1256 1890 dogmata
1297 1803 1340 1868 de

230 1890 399 1975 mysteriis
429 1887 495 1954 SS.
520 1889 691 1954 Trinitatis
720 1905 760 1952 ac
789 1887 1046 1962 incarnationis,
1073 1885 1116 1952 de
1141 1905 1339 1954 sacramen-

229 1973 298 2050 tis,
340 1974 382 2039 de
413 1973 658 2039 Ecclesiastico
697 1971 907 2051 hierarchia,
949 1971 1063 2035 diviua
1099 1972 1340 2058 Episcoporom

228 2058 446 2135 institutione,
469 2057 675 2122 'l'raditioois
697 2057 906 2135 auctoritate,
928 2055 1085 2140 Patrique
1106 2067 1141 2120 et
1162 2058 1237 2138 ejus
1259 2073 1340 2120 soc-

230 2159 416 2217 cessorum,
445 2141 665 2206 Romanorum
699 2141 905 2210 Pontificum.
939 2139 1085 2206 Primatu
1114 2139 1257 2223 aliisque
1286 2137 1340 2204 di-

229 2231 322 2288 sertc
349 2221 434 2288 adeo
463 2225 672 2308 explicantur
698 2232 733 2290 et
759 2225 1009 2300 confirmantur,
1040 2230 1075 2287 ut
1106 2243 1170 2290 uon
1201 2230 1341 2288 veteres

230 2313 367 2385 tantum,
389 2308 451 2374 sed
475 2313 634 2394 quotquot
656 2309 698 2374 ah
715 2309 919 2394 Apostolicis
941 2309 1145 2390 temporibus
1161 2309 1204 2372 ad
1221 2317 1340 2372 nostra

221 2403 336 2541 ‘psqqq
359 2393 766 2544 emersetruutlhaeqeseg,
796 2393 872 2542 hiqc
900 2392 1059 2540 radiqitus
1079 2393 1341 2540 'exstirparihac

246 2495 286 2541 un
314 2496 507 2542 rrrseverr
530 2497 677 2546 rraeau.
752 2495 839 2556 rc,u
882 2497 924 2542 ex
994 2496 1105 2544 urrmrs
1160 2497 1245 2543 auca
1298 2495 1340 2540 uc

230 2561 432 2627 transieram
453 2563 506 2639 ¹t),
958 2498 977 2564 p
1136 2499 1157 2566 p

295 2667 338 2758 l]
366 2673 540 2760 l’ru'matuar
564 2675 724 2736 ltomrrrrue
746 2671 917 2736 Ecclesiae
939 2671 1064 2738 diserte
1086 2673 1246 2758 adstruil3
1275 2692 1294 2738 ο
1321 2711 1340 2726 -

356 2757 447 2840 pauit
468 2758 552 2822 euim
576 2755 806 2822 Gnosticorum
838 2757 1005 2822 erroribus
1028 2758 1254 2822 Traditiouera
1308 2759 1338 2822 i-

357 2840 478 2914 vinam,
501 2858 586 2922 quae
610 2841 641 2905 in
665 2843 816 2906 orunibus
839 2841 939 2906 totius
963 2843 1051 2906 orbis
1074 2842 1231 2908 ecclesiis
1254 2861 1338 2908 rou·

352 2923 437 3004 spici
461 2931 587 3007 potest:
621 2923 681 2989 sed
706 2927 782 3007 quia
805 2925 940 3012 longum
977 2927 1062 2990 iurat
1089 2945 1202 2991 omnes
1235 2929 1339 2992 totins

353 3005 442 3070 urhis
471 3007 637 3071 ecclesias
671 3027 867 3084 recensere,
889 3009 1139 3090 „Traditiouem
1162 3011 1336 3076 Romanae

355 3089 548 3168 Ecclesiae,
585 3092 743 3157 maximae
771 3107 805 3156 et
834 3095 1084 3176 antiquissimae
1120 3101 1155 3158 et
1183 3095 1335 3159 omnibus

353 3175 523 3262 cognitae,
546 3193 567 3240 a
589 3175 841 3262 gloriosissimis
867 3177 1037 3260 Apostolis
1060 3178 1158 3242 Petro
1182 3187 1216 3242 et
1234 3177 1337 3244 Paulo

353 3257 512 3325 fundatae
547 3267 581 3324 et
615 3257 837 3324 constitutae‘
877 3259 919 3324 ad
955 3262 1180 3346 plenissimam
1218 3272 1337 3326 contra

352 3363 465 3408 omnes
489 3343 674 3410 haereticos
696 3341 1011 3410 demonstrationem
1043 3345 1199 3412 sutticere
1227 3347 1335 3412 dorcet.

352 3427 469 3492 addita
492 3431 638 3492 ratione:
708 3427 757 3492 Ad
781 3427 867 3492 hanc
891 3428 975 3493 enim
989 3429 1177 3495 Ecclesiam
1201 3438 1336 3515 propter

352 3514 509 3597 potiorem
533 3472 809 3598 principalitatem
840 3531 982 3578 necesse
1010 3520 1064 3578 est
1095 3534 1223 3578 omnem
1256 3533 1334 3578 ron·

350 3595 467 3660 venire
490 3595 694 3674 Ecclesiam,
728 3595 791 3662 hoc
813 3603 866 3661 est
895 3616 970 3674 eas,
1000 3597 1054 3682 qui
1082 3604 1161 3662 sum
1189 3596 1335 3682 undiquc

350 3679 484 3756 fideles,
523 3681 555 3742 iu
578 3698 644 3762 quo
665 3699 797 3762 semper
819 3680 861 3743 ala
885 3680 954 3760 his,
985 3682 1040 3766 qui
1067 3685 1147 3747 saut
1177 3681 1335 3765 nudique.

350 3770 551 3828 conservata
584 3771 637 3828 est
659 3781 717 3841 ea,
749 3781 833 3826 roae
864 3771 919 3829 est
949 3764 991 3829 ah
1016 3765 1188 3852 Apostolis
1210 3764 1334 3830 Tradi-

347 3843 414 3910 tio“
436 3847 500 3924 aa).
544 3845 631 3910 lreu.
656 3845 731 3910 adr.
755 3783 887 3912 haeres.
908 3848 963 3914 lib.
987 3848 1018 3912 3.
1043 3869 1072 3914 c.
1094 3851 1126 3913 a.
1151 3867 1184 3914 u.
1209 3854 1241 3914 2.

226 4013 435 4030 ἡ

273 4105 303 4168 *)
321 4112 398 4176 Quae
424 4114 567 4176 praeclare
592 4117 670 4166 docet
693 4117 721 4166 S·
743 4117 874 4168 irenaeus
900 4121 934 4170 de
958 4120 1118 4172 traditione
1141 4125 1171 4172 et
1191 4119 1330 4174 Ecclesia.

326 4186 425 4245 petrori
444 4197 480 4236 ex
499 4189 577 4248 parte
596 4187 732 4238 habeatur
749 4199 833 4249 supra
850 4187 877 4248 8.
899 4187 913 4240 t
940 4193 968 4239 et
986 4189 1015 4252 S.
1034 4187 1078 4242 76.

254 4280 299 4340 ”l
317 4283 397 4334 itanc
416 4287 552 4348 insignem
570 4285 674 4348 mcum,
700 4279 957 4338 renarrantem·
981 4287 1064 4339 valta
1082 4287 1254 4349 multatam
1275 4295 1332 4332 va-
