2866 4652
193 299 235 362 lo

192 483 280 544 rein,
310 470 346 530 ut
375 479 462 530 nunc
492 466 565 542 cst,
596 458 865 538 consideramus,
895 459 1018 526 Patres
1044 455 1156 546 utique
1189 469 1308 528 omnes

191 550 337 635 antiquis
358 546 562 632 temporibus
584 545 751 625 vixerunt,
772 553 808 611 et
828 544 931 628 major
952 541 1023 610 anti
1046 543 1136 610 nitas
1159 542 1308 630 aliquale

191 633 291 700 etiarn
312 631 489 700 discrimen
510 630 695 696 interillos
716 630 889 696 constituit
917 557 1063 717 (uidss

191 807 226 867 et
259 807 443 868 sanctitate
472 798 666 887 conspicui,
698 799 754 886 qui
780 800 824 866 ab
855 797 1012 864 Ecclesia
1040 795 1217 864 catholica
1245 815 1310 864 ccii

193 891 302 953 testes
333 884 506 953 doctrinae
539 882 722 950 aCbrislo
749 888 785 950 et
807 881 982 968 Apostolis
1009 881 1225 1053 pmffitrgn'
1244 881 1308 1032 dael-i
1413 925 1414 990 ᾗ

192 969 351 1038 Ecclesia
378 987 510 1056 semper
538 973 574 1035 et
600 968 722 1054 ubique
751 967 897 1034 traditae
923 965 1058 1032 criniti

195 1055 315 1121 clareti
337 1062 414 1122 sunt
435 1061 471 1120 et
488 1052 678 1150 approbati.
744 1050 900 1118 Ceterum
923 1067 983 1135 per
1004 1068 1045 1118 se
1063 1055 1181 1200 ειίοι,
1210 1050 1244 1116 iii
1267 1047 1308 1117 8.

194 1139 297 1206 Patre
318 1157 384 1204 non
403 1157 543 1224 requiri,
565 1140 602 1203 ui
621 1136 667 1202 sib
686 1135 877 1222 Episcopus
898 1133 955 1202 vel
976 1135 1060 1202 l'res
1083 1141 1170 1218 yber,
1190 1152 1310 1221 quain-

192 1224 247 1292 uis
291 1223 418 1319 leriqne
438 1222 473 1286 in
495 1219 559 1286 boc
581 1218 695 1288 ordine
722 1221 948 1309 reperiantur,
975 1239 1048 1286 cuin
1076 1219 1130 1285 liis
1159 1217 1303 1286 docendi

193 1309 228 1375 iii
281 1305 409 1372 eclesia
436 1323 553 1372 munus
585 1302 767 1372 aCbristc
797 1304 928 1391 proprie
957 1305 1165 1371 commissum
1193 1303 1305 1370 luerit.
1413 1319 1414 1336 ¹

192 1393 258 1458 Ast
280 1410 377 1476 quum
396 1407 460 1487 uec
481 1387 559 1456 laici
580 1407 602 1454 a
623 1407 758 1457 munere
778 1387 922 1458 docendi
951 1389 1084 1486 penitus
1117 1387 1307 1454 excludan-

191 1482 263 1558 tur,
285 1480 320 1542 et
341 1472 489 1572 Spiritus
510 1471 549 1540 8.
563 1491 805 1573 ‚nonnunquam
826 1482 862 1541 et
883 1473 916 1571 in
938 1474 1045 1540 laicos
1067 1469 1199 1570 abunde
1220 1471 1304 1570 cles-

193 1557 340 1641 condat,
373 1566 473 1625 etiam
494 1557 595 1640 laici,
628 1575 673 1624 ex
689 1557 813 1642 jndicio
834 1563 937 1625 totius
958 1556 1138 1624 Ecclesiae
1158 1573 1304 1644 egregie

189 1643 351 1713 docentes
380 1641 569 1728 ceterisque
600 1640 639 1710 8.
668 1643 781 1710 Patris
822 1641 956 1709 dotibus
991 1640 1169 1720 instructi,
1217 1641 1307 1708 inter

190 1726 260 1796 88.
292 1728 418 1812 Patres
441 1725 560 1796 referri
587 1732 754 1815 possunt,
799 1745 854 1794 cx.
884 1746 938 1816 gr.
964 1723 1004 1793 8.
1027 1725 1173 1811 Prosper
1196 1725 1302 1812 Aqui·
1413 1733 1414 1748 l

190 1819 302 1886 tanus.

682 1995 721 2088 s.
760 2014 808 2078 ia.

319 2152 484 2232 Ualeria,
513 2153 625 2240 quibui
651 2152 885 2238 dignoscantur
910 2153 1028 2218 Sancti
1050 2151 1174 2217 Patres.

272 2317 400 2402 Quodsi
422 2319 542 2389 Sancti
563 2322 684 2388 Patres
705 2318 882 2387 Ecclesiae
903 2317 1144 2407 approbatione
1171 2319 1299 2386 consti·

187 2409 333 2486 tuantur,
354 2406 534 2491 quaeritur,
556 2405 644 2474 unde
666 2404 861 2490 approbatio
882 2402 951 2471 ista
970 2404 1016 2469 sit
1039 2403 1194 2486 peteuda.
1225 2401 1298 2470 Ge-

185 2489 328 2556 neratim
348 2490 542 2589 approbatio
564 2489 696 2557 isthaec
717 2489 788 2556 beri
811 2493 923 2575 potest
942 2486 1066 2574 triplici
1087 2487 1207 2564 inodo,
1242 2489 1298 2554 vel

186 2591 248 2656 pei·
269 2571 457 2642 Ecclesiam
478 2575 670 2642 universam
692 2573 725 2639 in
742 2571 892 2640 Concilio
913 2570 1126 2640 oecumenico
1151 2589 1213 2638 coii
1244 2591 1298 2638 re·

186 2663 319 2741 getam,
349 2659 405 2723 uel
436 2677 496 2741 per
521 2657 691 2723 Summum
712 2657 923 2736 Pontificem,
954 2655 1090 2722 visibile
1109 2590 1298 2741 capnthc·

191 717 281 795 Sunt
321 734 406 816 ergo
444 713 513 783 88.
547 714 668 782 Patres
697 716 881 803 scriptores
909 623 1310 780 ecclesiisiilcff'ussitffi‘iie
1413 691 1414 746 3

186 2739 312 2803 clasiae
347 2746 383 2804 et
409 2739 574 2804 doctorem
604 2739 743 2805 omnium
766 2737 1047 2823 christianorum,
1074 2739 1128 2807 vel
1151 2736 1296 2828 denique
1413 2819 1414 2832 ἢ

93 2829 96 2835 ·
185 2837 247 2905 per
268 2833 467 2888 consensum
489 2820 667 2889 Ecclesiae
689 2819 877 2906 dispersae.

270 2899 398 2984 Quodsi
426 2903 548 2988 triplex
577 2904 641 2973 lioc
666 2905 882 3005 principium,
916 2907 1145 2996 cognoscendi
1175 2925 1299 2995 appro-

187 2985 354 3054 irationem
383 2985 578 3084 Ecclesiae,
611 2989 782 3078 applicare
810 2991 1038 3074 instituamus,
1069 2991 1211 3080 regulae
1240 3011 1299 3059 se·

179 3077 329 3160 spuentes
353 3071 553 3156 prodibuntt

271 3158 300 3218 l.
332 3156 450 3220 Soiiclr'
474 3157 585 3222 Patres
614 3157 654 3222 ob
676 3155 830 3222 Ecclesia
851 3159 1029 3242 approbati
1049 3159 1188 3224 briberrdr'
1212 3169 1298 3238 trial,

186 3237 364 3324 prricoriqrre
409 3247 467 3303 luit
489 3263 560 3306 riori
596 3241 661 3306 88.
697 3240 810 3306 Patres
842 3244 1032 3328 allegaretur
1068 3245 1104 3306 i'ri
1142 3243 1300 3307 Condito

184 3325 403 3388 oecumenicis.
492 3345 555 3392 unc
590 3326 626 3391 in
662 3323 760 3391 finem
793 3327 905 3414 praeci
929 3344 972 3393 iia
1003 3327 1186 3394 attentione
1219 3331 1300 3393 sunt

183 3403 217 3470 il·
247 3426 291 3476 ne
319 3405 504 3491 Concilium
531 3407 733 3506 Ephesiorum
768 3405 876 3560 φοι.
899 3345 979 3560 ἡ,
1018 3410 1297 3479 Chalcedonense

183 3487 218 3640 z
230 3499 286 3658 Jct.
300 3493 395 3641 tLuc?
415 3487 497 3580 la),
519 3491 784 3581 constentinopo
799 3500 923 3562 itanum

219 3619 226 3634 .
279 3593 299 3641 θ
388 3622 396 3638 .

233 4189 265 4254 ⁴)
282 4197 329 4246 liic
347 4207 393 4246 ex.
412 4208 456 4258 gr.
477 4195 614 4247 Eusebius
632 4195 848 4260 caesareensis,
866 4200 1008 4264 Socrates,
1027 4201 1151 4263 Rufinus,
1171 4201 1199 4252 iii
1219 4199 1295 4250 Con-
1405 4192 1409 4200 '

285 4267 352 4320 cilio
377 4267 502 4319 Nicocno
521 4267 561 4316 11.
585 4268 709 4381 citantor
734 4271 865 4333 tanquam
890 4271 1105 4336 historiographi
1129 4270 1183 4323 lide
1206 4271 1295 4334 digni,
1413 4321 1414 4360 1

754 3577 785 3592 ..
900 3577 907 3591 ⁸
962 3494 990 3560 l.
1013 3493 1240 3584 (Collatlll.
1261 3500 1296 3561 et
1413 3525 1414 3596 ι

183 3650 244 3757 iv'.
267 3658 310 3725 v.
328 3666 371 3756 ,ιι
389 3570 1048 3759 νῗῇοῗιῗιέᾖιῗὲἓῖἾ-Ὓωιῑιῖιῖῗθιῗιῗ
1070 3574 1296 3746 {kisossffft'qfl'i

184 3761 219 3808 in
241 3743 392 3809 conciliis
422 3763 647 3814 oecumenicis
677 3745 892 3833 allegantur,
924 3747 988 3814 sed
1020 3748 1044 3813 ii
1076 3752 1203 3814 tantuin
1226 3742 1297 3812 88.
1413 3761 1414 3810 ι

182 3825 477 3999 mrngbabondi
506 3836 605 3910 suot,
637 3829 693 3915 qui
726 3829 788 3898 boc
819 3829 994 3917 speciatim
1028 3831 1124 3900 titulo
1153 3829 1297 3896 laudan-
