2948 4662
190 295 255 364 280

191 462 304 540 statim
327 462 516 546 acciperent
539 477 655 542 pacem
676 460 734 542 *)ι
766 457 863 526 ‘ustis
885 455 984 525 etiam
1008 463 1187 544 martyrum
1209 460 1298 545 peti·

191 547 352 624 tionibus,
388 566 450 611 seu
474 545 596 612 libellis
619 544 744 627 aliquid
778 543 910 608 honoris
941 562 1062 616 carran,
1100 553 1134 608 ut
1168 543 1300 610 ferebat

191 630 370 696 Ecclesiae
391 630 612 707 consuetudo,
635 629 780 696 delatum
803 627 910 694 luisse
932 628 1073 692 videtur.
1120 630 1302 694 Praeterea

192 719 360 782 decretum
382 724 452 792 eat,
480 715 663 800 Episcopus
686 715 800 797 lapsos
821 711 864 776 ad
899 713 1134 796 poenitentiam
1166 713 1300 798 quidem

191 799 361 889 agendam
386 819 486 884 posse
508 797 645 874 admitti,
668 798 711 862 ab
733 796 938 862 ordinatione
959 805 1069 862 autern
1090 797 1172 861 cleri
1198 803 1301 880 atque

192 883 396 951 sacerdotali
420 882 543 948 honore
567 881 732 968 prohiberi
753 883 838 969 lep.
868 880 920 945 58.
951 901 982 964 p.
1010 883 1074 946 213
1096 875 1130 967 J.
1174 881 1300 966 Lepsia

193 971 334 1046 demum,
357 968 412 1054 qui
434 968 669 1054 poenitentiam
693 965 821 1051 plenam
844 983 949 1050 agere
970 962 1212 1042 detrectarent,
1242 971 1301 1030 aiut

192 1055 306 1120 morbo
328 1058 451 1118 tannim
474 1051 618 1137 correpti
644 1049 941 1116 reconciliationem
970 1054 1189 1134 quaererent,
1213 1056 1301 1115 tam·

194 1157 293 1224 quam
314 1137 464 1224 indignis
487 1155 550 1220 pax
574 1141 608 1199 et
631 1133 807 1200 Ecclesiae
838 1132 1022 1198 communio
1051 1132 1221 1220 denegata
1246 1141 1302 1199 est

188 1235 262 1309 (ep.
284 1226 336 1286 52.
360 1243 390 1304 p.
419 1224 515 1296 1211),
560 1218 802 1283 Felicissimum
825 1235 905 1281 vcro
926 1226 961 1281 et
983 1217 1127 1302 quinique
1158 1217 1301 1302 presby·

111 1355 117 1363 -
189 1314 285 1372 teros
307 1323 412 1390 nuper
440 1305 482 1368 ab
516 1302 670 1368 Ecclesia
709 1303 871 1388 profugos
908 1301 1063 1386 Episcopi
1097 1302 1301 1389 congregati

192 1387 520 1456 excommunicarent
541 1396 611 1473 (ep.
634 1388 686 1453 55,
710 1406 741 1472 p.
767 1384 921 1450 tta-48.
945 1391 980 1448 et
1002 1403 1054 1469 ep.
1077 1389 1128 1449 42.
1155 1405 1184 1470 p.
1209 1388 1298 1458 101.)

193 1472 372 1540 Sententia
394 1471 478 1538 baec
501 1472 637 1538 Ιίοιιιιιιιι
659 1471 858 1537 transmissa
879 1476 915 1533 et
937 1490 957 1534 a
977 1470 1133 1536 Cornelio
1159 1472 1300 1552 ejusque

193 1557 334 1622 concilio
355 1555 546 1622 continuata
566 1565 620 1620 est
642 1554 715 1640 (cp.
739 1558 791 1620 52.
839 1557 969 1625 Aba).
1015 1553 1130 1619 Rebus
1151 1555 1199 1620 itu
1219 1573 1302 1620 con·

192 1641 320 1708 stitutis
351 1643 498 1724 rejectus
524 1658 547 1705 a
574 1638 713 1705 concilio
736 1575 996 1722 Carffiaginensi
1022 1638 1176 1704 Privatus
1197 1639 1301 1720 Epis-

189 1745 297 1810 copus
320 1723 509 1790 haereticus
531 1721 651 1788 dudum
683 1723 922 1790 condemnatus
952 1741 1024 1786 curn
1055 1732 1193 1808 quatuor
1222 1724 1300 1788 aliis

193 1810 360 1896 episcopis
384 1808 527 1895 pessimo
551 1808 681 1872 nomine
705 1810 828 1874 notatis
849 1815 884 1874 et
900 1808 970 1888 lam
1000 1808 1077 1872 olim
1108 1825 1300 1872 excommu-

192 1894 314 1962 nicatis
336 1893 379 1958 ob
401 1892 622 1977 apostasiam,
653 1891 808 1958 haeresin
830 1893 942 1958 aliave
973 1891 1111 1956 crimina
1132 1892 1300 1957 Fortuna-

192 1987 260 2044 tum
290 1976 626 2063 pseudo-episcopum
649 1976 816 2042 ordinavit
839 1975 1062 2054 Cartbagine,
1086 1976 1162 2058 nirin
1187 1987 1297 2040 tamen

192 2063 235 2129 iis
255 2062 298 2126 ob
319 2061 476 2146 exiguum
499 2059 704 2124 asseclarum
727 2062 1030 2126 numerum-scelus
1052 2078 1096 2124 ex
1115 2060 1213 2125 animi
1237 2079 1298 2124 vo-

193 2149 239 2214 tis
261 2146 479 2228 successerit3
517 2145 614 2230 pauci
635 2144 720 2209 enim
743 2144 921 2210 sacrificati
944 2144 997 2208 rel
1023 2144 1109 2210 rnale
1130 2144 1193 2208 sibi
1216 2163 1297 2208 con-

193 2229 256 2296 scii
278 2247 398 2294 novum
422 2227 510 2292 bunc
533 2234 662 2292 coetum
683 2227 930 2294 schismaticum
963 2235 1204 2293 constituerunt
1232 2243 1299 2310 lep.

192 2317 245 2382 55.
269 2333 301 2399 p.
330 2315 577 2384 14551151).
620 2307 673 2376 1111
690 2316 758 2395 jam
782 2331 841 2394 per
863 2313 1010 2396 legatum
1036 2333 1131 2377 sirum
1153 2312 1299 2378 Felicis·

192 2399 310 2466 minum
338 2395 512 2464 diaconum
544 2396 693 2482 plurimis
719 2395 903 2462 sceleribus
932 2395 1140 2472 maculatum,
1162 2398 1299 2463 Romam

192 2501 233 2550 sc
254 2487 441 2554 verterunt,
471 2479 536 2566 „ad
571 2479 756 2547 Ecclesiam
790 2481 923 2548 scilicet
949 2479 1180 2566 principalem,
1211 2481 1299 2562 unde

192 2566 305 2634 unitas
325 2564 548 2632 sacerdotalis
569 2572 685 2630 exorta
700 2563 774 2631 est“
786 2567 850 2644 ⁵⁹⁵),
872 2561 1106 2630 utGornelium
1127 2565 1182 2630 vel
1206 2565 1299 2630 blan·

193 2651 297 2728 ditiis,
318 2651 375 2717 vel
399 2649 493 2715 minis
515 2656 550 2716 et
568 2650 748 2715 terroribus
771 2649 803 2714 in
827 2656 939 2733 partes
962 2669 1043 2714 sutus
1059 2649 1300 2734 pertraherent.

192 2733 368 2803 Cornelius
391 2733 646 2818 primoquidem
669 2752 730 2800 eos
753 2731 882 2797 fortiter
904 2731 1040 2818 repulit,
1069 2743 1187 2817 postea
1218 2753 1299 2798 vcro

193 2818 290 2885 minis
311 2835 424 2884 eorum
448 2819 642 2900 perterritus
666 2817 835 2900 paulisper
857 2835 984 2902 anceps
1007 2815 1125 2894 haesit,
1142 2836 1248 2882 rerum
1266 2817 1299 2881 in

192 2901 312 2968 Africa
333 2905 506 2985 gestarum
529 2897 616 2966 baud
639 2900 725 2966 satis
744 2919 896 3050 paurum
918 2920 992 2966 mox
1015 2908 1124 2968 autem
1146 2900 1299 2984 58.ογ-

191 2985 309 3072 priano
342 2983 385 3050 de
414 2982 565 3048 omnibus
592 2985 712 3052 certior
758 2995 855 3051 actus
890 2993 925 3052 et
957 2986 1063 3050 animo
1093 2983 1299 3050 confortatus

191 3083 261 3153 (ep.
284 3069 365 3142 55).
387 3065 618 3146 schismaticos
640 3069 908 3136 constantissime
931 3067 1129 3167 repudiavit
1170 3067 1299 3134 Abhinc

192 3152 344 3241 plerique
375 3169 396 3216 a
427 3148 607 3220 schismate
642 3151 686 3220 ud
708 3151 887 3221 Ecclesiae
927 3161 1083 3220 unitatem
1119 3152 1301 3230 redierunt,

190 3255 276 3324 quos
298 3234 337 3304 S.
360 3234 550 3322 Cyprianus
583 3257 676 3323 „cnm
700 3238 903 3324 poenitentia
925 3245 1135 3306 revertentes
1157 3245 1192 3304 et
1220 3256 1300 3322 pec-

193 3331 302 3388 catum
335 3341 430 3388 suum
465 3317 697 3388 satisfactione
726 3321 839 3390 humili
867 3329 902 3388 et
934 3322 1076 3408 simplici
1105 3322 1300 3390 confitentes

191 3413 321 3492 promtu
343 3412 378 3473 et
400 3403 498 3490 plena
521 3404 700 3472 dilectione
721 3406 896 3491 amplexus
918 3403 991 3473 est“
1014 3412 1090 3492 (ep.
1119 3409 1203 3476 55).
1247 3405 1300 3468 Ea

189 3493 319 3558 ratione
347 3489 493 3556 schisma
530 3489 657 3556 Novati
689 3497 724 3557 et
755 3489 973 3566 Felicissimi,
1006 3509 1141 3576 quorum
1171 3487 1229 3553 ille
1258 3506 1298 3554 se

184 3575 344 3655 junxerat
355 3573 554 3651 Novatiano,
578 3583 653 3660 post
676 3575 841 3640 biennium
862 3573 917 3664 (a.
938 3569 1126 3660 tat-52.)
1150 3573 1220 3636 iere
1242 3589 1300 3636 ex·

190 3656 326 3742 piravit.
350 3695 391 3710 -
436 3657 532 3724 Hunc
554 3676 635 3724 uero
657 3657 853 3743 disciplinae
875 3659 1020 3745 rigorem
1043 3665 1110 3724 tam
1137 3672 1299 3720 necessa·

190 3738 292 3821 rium,
314 3759 412 3825 quatu
435 3741 613 3808 salutarem
634 3741 682 3807 ita
703 3743 844 3807 caritate
871 3737 1071 3828 temperavit
1091 3739 1130 3808 S.
1153 3737 1299 3824 Cypria-

189 3841 267 3901 nus,
290 3832 325 3890 ut
346 3824 478 3910 lapsos,
509 3826 563 3912 qui
586 3824 727 3894 bumana
750 3827 858 3912 potius
880 3825 1082 3916 fragilitate,
1112 3845 1211 3912 quam
1235 3825 1299 3890 im-

239 4159 273 4227 *)
292 4165 342 4228 Ep·
360 4167 405 4219 51.
425 4165 516 4218 5152.
536 4165 712 4229 (praesertln
730 4183 758 4232 p.
781 4163 926 4248 118-19.)
945 4165 1057 4231 011054.
1078 4171 1108 4220 ct
1126 4165 1174 4220 55.

222 4257 273 4323 **)
291 4263 342 4329 Ep·
362 4263 407 4318 55.
427 4259 466 4329 (p.
489 4261 561 4324 153).
