2944 4652
1200 345 1263 410 493

152 511 242 579 modi
267 507 418 576 homines
440 505 641 588 inciderent,
671 507 846 574 securitati
877 507 1061 596 postulavit
1090 527 1110 575 a
1137 509 1266 578 Basilio

153 595 330 663 dilucidam
365 593 406 658 rle
434 593 468 657 vi
497 592 611 658 narrrm
643 592 847 674 syllabarum
880 589 965 682 (per
987 628 1028 644 --
1052 594 1087 655 in
1108 592 1282 684 -comj'

153 678 446 768 pertractationem
470 678 527 756 *)e
551 676 639 742 nnoe
661 675 788 744 Basilio
809 681 889 742 nata
910 681 972 742 eat*
987 677 1121 744 occasio
1149 679 1271 743 tiorum

154 768 194 832 de
218 765 351 850 Spiritu
376 763 412 827 S.
435 761 615 827 scribendi·
756 761 757 766 ’
1235 786 1241 792 ·

243 905 344 970 Porro
368 900 443 986 nuic
466 918 592 977 ueram,
615 916 681 964 nnn
703 897 824 966 iubam
847 918 977 988 pacem,
998 901 1176 981 sincerum,
1198 919 1265 968 nnn

156 989 340 1058 simulatam
365 984 461 1055 noem
484 981 675 1073 requirebat
697 983 868 1064 Basilius,
891 985 1015 1071 llpiseo
1041 1006 1098 1068 ns,
1121 987 1176 1084 qni
1198 985 1267 1054 Ca·

155 1074 302 1142 thelicae
324 1071 402 1168 lrdei
430 1069 554 1166 specie⁸
573 1085 706 1136 errores
733 1067 909 1146 fovebant,
946 1006 1104 1138 evolvere
1130 1078 1267 1158 integu-

155 1159 276 1226 mentis
300 1154 680 1224 dissimulationrssuae
703 1171 881 1238 eurumque
902 1155 1044 1222 animum
1066 1154 1193 1224 nudare
1213 1174 1269 1222 sa·

154 1242 253 1329 tegit.
305 1239 377 1308 llos
408 1239 497 1307 inter
520 1236 718 1327 ltlustatlrius
742 1237 821 1317 luit,
851 1237 1033 1306 Sebastiae
1054 1239 1086 1306 ln
1111 1240 1269 1310 Armenia

155 1327 362 1412 Episcopus,
398 1321 436 1390 S.
459 1321 591 1390 Basilio
616 1320 737 1388 dudum
770 1322 935 1390 amicitiae
971 1323 1104 1390 vinculo
1130 1325 1268 1407 iunctus

157 1395 1269 1499 (S.131],quiabArianisEpiscopatomolimsortitusflt),
1335 1403 1338 1416 '
1461 1433 1462 1444 ι

138 1505 307 1578 »tempore
329 1491 535 1577 praesertim
546 1489 702 1556 Valentis
724 1487 915 1560 catholicos
943 1490 1029 1560 iuter
1055 1499 1091 1558 et
1120 1490 1270 1560 haereti·
1300 1511 1302 1516 ·

161 1597 222 1644 cos
238 1575 385 1649 medium
406 1593 447 1641 se
469 1593 547 1642 csse
569 1573 691 1653 voluit,
720 1584 756 1642 ut
777 1580 812 1641 et
832 1575 941 1642 samoe
963 1593 1047 1643 suae
1069 1577 1269 1655 consuleret,

159 1681 223 1733 nec
246 1660 391 1728 Arianos
413 1659 569 1734 irritaret.
614 1659 730 1726 lllultis
753 1665 862 1726 tamen
883 1659 1123 1748 Episcoporum
1142 1659 1269 1728 Catho-

155 1747 306 1822 lieorum,
329 1746 470 1812 maxime
493 1741 668 1812 'l'heodotn
685 1743 930 1830 Nicnp'alitano,
946 1744 1127 1812 Armeniae
1140 1744 1270 1810 Metro·

182 1830 324 1908 olitano,
351 1827 526 1895 admodum
547 1834 725 1914 suspectos
746 1834 838 1907 erat,
866 1829 921 1914 qui
944 1827 1082 1914 proinde
1104 1827 1144 1896 S.
1166 1828 1269 1896 Busi-

158 1852 238 1984 lum
260 1913 304 1980 ab
326 1913 400 1996 ejus
422 1913 648 1980 communione
667 1911 864 1979 orostralrere
880 1914 1095 1992 consuantur,
1112 1918 1148 1991 et
1162 1930 1183 1979 a
1197 1931 1269 2000 mo-

160 2001 254 2068 ribus
275 2016 317 2074 ac
337 1997 404 2066 tide
426 1995 594 2066 Eusornii
615 1995 800 2064 cavendum
821 2015 901 2066 esse
923 1995 1111 2064 mouebant.
1141 1997 1212 2064 lmo
1234 2001 1271 2066 et

157 2083 308 2154 Basilius
328 2081 590 2168 ipsannamoiu
618 2079 813 2148 Euslalliius
834 2082 1013 2168 nequitiam
1035 2099 1076 2148 ae
1097 2079 1269 2167 perfidiam

158 2191 254 2242 suum
277 2169 310 2235 iu
334 2168 479 2252 apricum
503 2185 567 2232 non
590 2166 800 2251 protulisset,
830 2167 904 2249 ejus
927 2165 1185 2250 communionem
1206 2165 1269 2232 tle·

158 2268 274 2324 serore
297 2253 426 2326 nolens,
448 2249 571 2318 idcirco
593 2249 680 2336 apud
704 2250 879 2318 nonnullos
903 2250 1053 2336 proditae
1075 2250 1268 2318 veracensi

159 2337 385 2424 suspicionem
408 2335 544 2402 incurrit
565 2335 650 2414 m).
694 2334 851 2402 -Tanderu
876 2355 948 2402 cum
971 2329 1101 2402 fortitei
1128 2336 1271 2402 instaret

160 2423 322 2498 Basilius,
343 2428 379 2486 ut
400 2417 596 2486 Eustathius
612 2419 728 2506 ¹palum
750 2439 789 2486 se
813 2427 986 2507 purgaret,
1007 2420 1125 2504 sicque
1146 2419 1267 2486 mutuis

159 2504 407 2592 suspicionibus
429 2501 570 2570 sublatis
593 2504 874 2572 reroconoorota
896 2506 1137 2580 restitueretur,
1155 2502 1269 2568 detra-

160 2593 210 2658 xit
231 2591 264 2656 ei
286 2589 372 2654 hunc
402 2586 498 2654 medii
525 2585 665 2654 hominis
694 2593 840 2668 statum,
868 2596 903 2656 et
931 2589 963 2655 in
996 2589 1099 2654 veroa
1121 2588 1272 2654 Nicaena

155 2679 272 2760 iurare
294 2671 410 2758 coegit
431 2689 462 2738 a.
485 2671 559 2738 373.
583 2676 625 2746 t).
669 2673 736 2740 Ast
758 2673 811 2738 otri
828 2675 953 2740 Ariana
975 2671 1076 2740 factio
1098 2673 1164 2738 cito
1182 2669 1270 2742 auurl

161 2761 398 2844 Imperatorem
423 2755 619 2840 praevaluit,
631 2753 877 2844 Catholicisque
888 2757 1062 2842 Episcopis
1077 2761 1113 2836 et
1128 2757 1271 2845 ipsille-

160 2845 237 2912 silio
260 2841 395 2910 exilium
417 2839 586 2907 imminere
608 2842 736 2926 coepit,
758 2849 859 2925 atque
881 2841 1077 2918 Eustathjus
1100 2841 1274 2930 cognovit,

160 2947 320 3016 maguum
342 2944 383 2992 ex
405 2944 447 2992 ea
469 2943 506 2994 re
527 2925 768 2992 incommodum
789 2927 855 2996 sihi
884 2927 962 2993 oriri
993 2944 1111 3010 posse,
1143 2943 1272 2994 omnem

160 3015 190 3080 is
213 3011 430 3078 acerbitatem
452 3011 485 3074 in
508 3009 670 3090 anilium
702 3010 837 3087 etlurlit,
877 3017 912 3075 ut
934 3006 1080 3077 Arianos
1113 3009 1272 3097 placaret,

161 3098 344 3181 literaeque
366 3096 455 3159 misit
477 3093 613 3162 Basilio.
628 3095 883 3160 communionem
906 3096 1148 3160 renuntiantes.
1198 3091 1270 3158 Sed

158 3183 340 3252 etiamnum
361 3177 562 3260 Ernolathius
585 3195 648 3246 uec
672 3179 808 3247 Arianis
830 3177 995 3244 Catholici
1018 3177 1186 3264 dogmatis
1208 3177 1271 3242 de·

161 3266 286 3339 ieneor,
310 3281 372 3328 nec
388 3261 572 3327 Catholicis
590 3263 732 3327 Arianos
754 3263 862 3328 virleri
886 3263 1038 3328 volebat:
1063 3259 1138 3324 irinc
1159 3260 1271 3324 varios

162 3355 281 3434 ruptae
303 3351 375 3412 crrtir
392 3345 526 3438 'Basilio
549 3347 786 3412 communionis
815 3363 936 3412 carosne
965 3358 998 3411 et
1026 3344 1270 3410 criminationes

174 3549 374 3564 *—

213 3668 247 3734 r)
267 3675 333 3724 vm.
356 3665 388 3722 s.
408 3674 490 3724 anri.
511 3677 559 3726 ιιι.
579 3677 613 3728 aa
632 3659 737 3738 sirion
756 3669 787 3728 s.
807 3686 836 3726 o.
854 3673 884 3724 ι.
918 3671 962 3723 cr.
984 3665 1206 3725 moraorvons.
1219 3673 1270 3722 oa-

209 3803 213 3810 ,
269 3745 317 3796 eil.
338 3757 363 3793 c.
382 3740 428 3794 30.
447 3756 477 3796 a·
496 3741 524 3796 6.
544 3757 567 3790 c.
586 3745 631 3802 35.
650 3761 680 3798 n·
701 3753 726 3798 t·
765 3795 768 3802 ,

197 3833 244 3900 ”J
262 3836 294 3890 s.
315 3843 448 3893 aroanna
468 3843 571 3892 antor.
590 3847 688 3894 anno.
707 3847 740 3892 nu
761 3841 883 3893 monaco.
904 3851 932 3890 ιι.
951 3836 979 3890 t.
995 3843 1026 3888 ct
1039 3839 1126 3901 eptae.
1144 3843 1178 3900 pa
1192 3840 1272 3901 lepra-

271 3917 352 3973 copos
370 3915 492 3976 Aegypti
511 3925 536 3963 ιι.
559 3912 585 3964 7.
661 3926 667 3935 ·

175 4001 247 4064 m)
265 4000 297 4055 S.
314 4007 398 4068 llnstl.
419 4021 464 4070 ep.
484 4007 530 4060 98.
548 3996 615 4060 998
735 4039 739 4042 -

215 4097 249 4164 l)
266 4096 296 4154 8.
316 4105 399 4154 llmtl.
412 4115 464 4167 ¹ep.
486 4105 547 4158 125.
574 4103 664 4170 (quae
683 4119 735 4158 nnn
754 4110 813 4164 est,
840 4109 892 4156 olet
914 4103 977 4156 oret
998 4107 1116 4160 tornulo
1135 4117 1152 4154 o
1169 4099 1285 4168 nasillo

270 4177 410 4237 proposita
434 4181 462 4225 et
479 4177 617 4228 Eumaeum
634 4179 837 4239 rubacrlpttona
856 4176 973 4240 oracta)
991 4179 1032 4232 at.
1053 4191 1097 4238 ep.
1117 4169 1178 4224 tol.
1199 4183 1224 4220 o.
1244 4169 1272 4220 2.

272 4252 302 4298 et
326 4257 369 4308 ep.
388 4245 450 4298 223.
477 4259 504 4298 ιι.
528 4245 554 4299 7.
580 4250 717 4309 lton-ep.
747 4245 805 4299 128.
844 4247 908 4297 vlo.
928 4249 1119 4332 Mamotvtta
1137 4237 1167 4294 8.
1186 4241 1273 4290 anll.

269 4329 292 4368 c.
312 4317 357 4370 27.
376 4330 404 4367 ιι.
428 4319 506 4371 1-2.
539 4347 544 4356 ·

988 4377 1065 4444 32*
