2948 4662
205 307 271 372 dit

208 483 284 560 past
313 487 451 558 grauem
480 469 604 536 ruinam
641 487 755 533 rursus
789 467 831 533 ud
866 463 1044 534 ecclesiam
1081 476 1317 538 concurrerent

208 571 309 644 atque
337 575 408 620 eum
438 573 479 620 ea
514 554 723 619 reconciliari
761 571 824 617 non
855 560 922 618 tarn
957 561 1116 637 rogarent
1146 556 1317 640 supplices

209 661 251 710 ae
290 641 521 726 poenitentes,
574 657 669 722 quirun
718 637 928 722 postularent
966 637 1101 720 superbi
1146 644 1180 702 ct
1220 659 1317 703 arro-

208 733 342 804 nnis.
404 723 501 788 Hunc
535 721 706 787 levitatem
742 721 929 806 presbyteri
962 721 1111 786 nonnulli
1144 722 1316 802 fovebant,

208 807 240 876 l'a
283 824 388 892 usrpue
409 814 553 880 temere,
575 823 658 890 pace
683 803 761 869 data
782 811 817 870 et
838 806 1064 870 communione
1084 808 1249 887 restituta,
1270 807 1316 874 ad

207 830 281 961 Eg?
298 890 540 958 Eucharistiam
571 889 817 984 percipiendam
847 889 1085 964 admittebant;
1117 889 1253 956 tandem
1281 897 1317 957 et

207 977 432 1046 consessorum
466 975 655 1058 complures
686 975 810 1038 meritis
844 975 916 1039 suis
947 974 1171 1058 imprudenter
1193 976 1315 1041 confisi

206 1071 242 1129 et
257 1063 349 1146 iusto
371 1061 448 1145 plus
470 1059 569 1137 elati,
598 1075 691 1122 suam
719 1076 776 1142 pro
799 1056 904 1143 lapsis
925 1057 1196 1124 intercessionem
1217 1058 1317 1125 adhi-

207 1147 363 1223 buerunt,
385 1162 523 1228 eamque
546 1149 672 1207 tantum
696 1142 812 1206 ualere
835 1143 1018 1228 petierunt,
1056 1150 1090 1207 ut
1112 1143 1316 1210 111Ιί511111-

206 1230 263 1320 giu
287 1227 411 1312 adjutis
431 1226 599 1292 ecclesiae
627 1227 739 1290 aditus
762 1225 889 1312 absque
910 1226 979 1291 ulla
1000 1245 1091 1292 muru
1113 1227 1316 1312 aperiendus

207 1321 312 1380 esset.
356 1312 420 1377 llis
442 1311 591 1376 omnihus
613 1310 799 1394 Cyprianus
828 1318 897 1375 toto
927 1311 1072 1376 muneris
1100 1311 1316 1397 Episcopalis

205 1399 325 1484 vigore
348 1395 486 1474 restitit,
515 1395 739 1470 contendens,
767 1393 940 1459 Durninunr
964 1396 1024 1460 tali
1048 1395 1140 1462 ruina
1162 1399 1316 1482 graviter

204 1482 334 1548 laesum
365 1479 470 1552 lonea
497 1485 533 1544 et
562 1480 720 1544 contiuua
749 1480 980 1544 satisfactione
1008 1497 1089 1545 esse
1119 1479 1317 1562 placandum

95 1581 101 1592 ·
206 1565 284 1656 (ep.
307 1565 349 1628 ¹10
385 1559 536 1652 p.'98.),
563 1563 795 1648 lapsornrntpre
818 1581 954 1628 causam
976 1582 1041 1628 non
1064 1583 1239 1648 paucorum
1263 1571 1316 1632 te-

207 1651 358 1714 meritate
381 1656 415 1713 et
437 1652 643 1734 arrogantia,
666 1645 726 1710 sed
736 1647 893 1732 Episcopi
915 1649 1124 1727 anctoritate,
1139 1651 1203 1714 imo
1225 1667 1316 1716 com-

207 1733 294 1798 muni
316 1732 417 1798 totius
441 1733 617 1798 Ecclesiae
640 1733 779 1796 transilio
802 1749 882 1796 esse
904 1731 1123 1798 deliniendam
1154 1729 1258 1819 (ibid.
1282 1737 1317 1798 ei

208 1836 259 1902 ep.
283 1820 336 1880 51.
365 1838 397 1902 p.
424 1813 540 1905 118.];
574 1817 704 1880 interim
728 1815 811 1880 solis
840 1815 1014 1901 infirmis„
1031 1817 1086 1903 qui
1114 1819 1145 1880 iu
1174 1819 1316 1882 articulo

208 1901 322 1966 mortis
352 1907 465 1966 essent
497 1902 665 1966 constituti
695 1905 730 1963 et
758 1917 778 1964 a
803 1901 903 1984 primo
926 1901 1043 1987 lapsus
1064 1901 1119 1966 die
1142 1904 1316 1985 poeniten·

206 1988 286 2051 tiam
306 2003 413 2070 agere
434 2003 499 2050 non
521 1983 743 2062 destitissent,
755 2003 870 2068 pacem
893 1991 926 2048 et
951 1985 1206 2051 communionem
1230 1986 1317 2050 dan·

207 2069 281 2134 darn
304 2088 384 2134 esse
408 2065 485 2156 (ep.
503 2073 555 2133 52.
579 2089 610 2154 p.
635 2063 826 2153 lit-lah
869 2069 1001 2134 Nemini
1023 2088 1153 2154 qaoque
1175 2088 1217 2135 ex
1240 2070 1312 2153 lup·

205 2155 254 2217 sis
276 2160 353 2218 tnnc
375 2152 637 2232 communicavit,
660 2152 812 2236 quamdiu
836 2153 1024 2236 persecutio
1046 2153 1154 2218 adhnc
1177 2154 1315 2219 fervens

204 2235 320 2302 iisdem
345 2238 522 2322 reparandi
545 2237 736 2300 certaminis
758 2237 967 2302 occasionem
988 2236 1092 2302 dabat
1114 2235 1192 2336 [ep.
1204 2241 1255 2302 51.
1281 2259 1313 2317 p.

211 2324 288 2396 llil.¹
307 2328 342 2386 et
372 2317 476 2406 tit).
533 2320 616 2385 Tum
638 2339 719 2386 vero
741 2323 885 2406 quinque
906 2323 955 2386 illi
980 2321 1166 2408 presbyteri
1191 2323 1315 2388 dudum

204 2405 256 2492 Cy
282 2407 372 2470 riano
394 2406 517 2471 infensi
540 2402 619 2494 (ep.
639 2400 728 2490 th),
750 2408 782 2470 in
807 2406 926 2489 quibus
949 2413 1044 2472 erant
1070 2407 1213 2493 Nor-utar
1235 2407 1314 2495 (ep.

204 2423 283 2572 ‘ill-P)
306 2499 341 2555 et
356 2488 565 2563 dirivantur,
590 2509 662 2554 cum
676 2489 877 2554 Felicissimo
900 2490 1039 2576 qttodtlm
1062 2489 1148 2558 ldit'o
1170 2490 1248 2581 (ep.
1262 2495 1314 2556 55.

230 2621 238 2638 .
264 2571 447 2661 itu-48.)
471 2575 575 2639 variis
597 2573 784 2639 sceleribus
807 2574 1045 2653 contaminato,
1073 2594 1167 2658 quem
1198 2583 1317 2659 postea

240 2668 361 2723 ovatus
385 2661 516 2743 propria
538 2659 735 2723 arictoriiate
768 2657 938 2724 diaconam
968 2660 1137 2724 constituit
1162 2659 1240 2744 [cp.
1262 2661 1316 2725 49.

204 2757 236 2827 p.
261 2737 358 2824 112.)
381 2750 497 2824 operte
519 2742 552 2806 in
574 2742 663 2807 illuni
687 2743 953 2821 insurrexerunt,
975 2749 1175 2821 statuentes,
1199 2744 1316 2829 lapsos

205 2825 279 2889 sine
301 2826 367 2888 ulla
391 2826 593 2908 poenitentia
616 2826 647 2889 in
671 2826 849 2891 Ecclesiae
879 2828 1135 2892 communionem
1157 2845 1237 2892 esse
1258 2845 1317 2892 re-

206 2908 378 2992 cipiendos
399 2910 445 2984 *1.
498 2909 571 2972 Hos
598 2910 711 2994 itaque
741 2911 938 2995 disciplinae
966 2910 1229 2976 Ecclesiasticae
1259 2927 1316 2976 re-

205 3002 399 3078 pacnantes
422 3009 441 3054 a
464 2994 690 3058 communione
712 2995 942 3061 ecclesiastica
965 2995 1135 3079 separavit
1160 2990 1239 3082 (ep.
1260 2995 1314 3060 38.

206 3078 257 3139 40.
291 3125 300 3154 ,
333 3075 447 3159 lapsos
478 3075 521 3139 ad
544 3077 778 3160 poenitentiam
806 3087 840 3144 et
864 3081 1055 3163 patientiam
1078 3079 1227 3144 hortatus
1250 3086 1316 3159 est,

207 3161 456 3224 consessoribus
494 3160 688 3226 modestiam
723 3172 757 3227 et
797 3162 1012 3228 humilitatem
1052 3164 1170 3229 sedulo
1206 3163 1316 3228 incul-

206 3245 315 3323 carit,
347 3243 474 3392 petrem
507 3263 586 3309 uero
609 3265 704 3311 suam
728 3251 867 3332 paterno
890 3252 1010 3313 ailectu
1041 3247 1188 3324 monuit,
1225 3251 1260 3312 ut
1281 3248 1314 3312 in

207 3328 314 3394 altera
378 3347 417 3392 ac
458 3329 687 3412 persecutione
727 3349 790 3394 non
831 3331 936 3398 minus
976 3332 1081 3398 fortes
1123 3331 1314 3398 schismatis

204 3413 384 3496 periculum
409 3411 635 3490 declinarent,
667 3420 701 3477 et
729 3414 903 3480 Ecclesiae
933 3424 998 3480 tum
1031 3416 1184 3493 tirmiter,
1218 3433 1315 3500 quam

203 3498 270 3581 ipsi
301 3496 433 3561 Christo
463 3495 686 3561 adhaererent
716 3498 760 3587 [e
786 3547 794 3562 .
817 3495 907 3588 dh).
967 3501 1047 3564 llox
1079 3499 1313 3586 persecutione

204 3582 314 3664 sopita
337 3581 526 3664 Cyprianus
548 3599 568 3645 e
589 3600 729 3648 secessu
752 3519 993 3672 Karthaginem
1015 3583 1115 3648 rediit
1136 3585 1189 3658 “l
1217 3581 1315 3666 paulo

206 3671 282 3749 post
305 3664 438 3730 Pascha
460 3665 539 3730 anni
560 3669 633 3729 251.

257 3987 357 4066 *isa
377 4005 421 4055 55.
442 4005 482 4065 (p.
506 4001 565 4054 150.
586 4008 614 4052 ec
636 4002 709 4062 153.)
728 4020 773 4070 ep.
793 4001 838 4059 do.
858 4009 896 4071 ip.
916 4007 987 4070 95).

241 4094 283 4157 ··)
303 4101 411 4164 Quanto
430 4104 530 4164 gaudio
548 4105 634 4153 redux
649 4115 753 4164 eorum,
769 4110 815 4168 qut
835 4108 913 4156 tidem
932 4111 1093 4158 consuanter
1112 4106 1233 4168 professi
1252 4106 1316 4154 tue-

199 4223 203 4231 ,
310 4175 389 4228 rant,
416 4172 618 4222 multitudinem
647 4178 735 4222 omnis
752 4188 836 4226 sexus
860 4180 889 4224 et
912 4180 1013 4228 aetatis
1036 4179 1229 4240 conspexerit,
1255 4178 1316 4236 ipsc

308 4242 494 4300 pulcherrime
514 4243 648 4292 describit
667 4245 747 4292 tuitio
765 4244 832 4295 lihrl
849 4247 882 4294 de
901 4243 989 4306 lapsis
1007 4247 1047 4310 (p.
1062 4243 1208 4301 tac-24).
