2886 4660
176 339 238 404 200

177 507 381 571 rnrrahnulur
408 522 465 578 ea,
489 519 574 587 urnac
598 502 717 566 Patres
748 501 926 587 aliquando
962 500 1142 566 divinando
1176 503 1286 586 potius

176 590 323 658 assecuti
347 590 495 664 lucrant,
518 605 615 672 ruriam
638 586 747 651 solide
770 593 803 651 ct
825 587 915 652 clare
937 595 1169 671 exposuerant.
1202 587 1286 654 ldeo

176 679 274 741 etirrnr
297 677 329 738 in
354 674 437 737 locis
458 671 566 736 dubiis
588 679 622 737 et
647 669 885 736 difficilioribus
908 671 1042 736 multum
1054 673 1185 755 juvabit
1201 673 1287 758 dog·

178 769 265 827 mota
289 757 465 823 Ecclesiae
487 775 605 829 nosse,
627 773 713 838 qnae
737 755 834 820 docet
856 754 1061 842 Theologia,
1082 763 1119 822 ut
1139 759 1286 823 sciamus

179 863 241 932 rouo
267 863 368 908 sensu
390 841 553 924 ejusmodi
578 841 670 905 locos
696 840 850 924 accipere
879 847 1046 924 oportent,
1075 840 1150 906 dum
1172 861 1286 907 eorum

177 935 264 996 inter·
289 926 425 1000 relatio,
448 933 604 1002 ‹ruantou
627 924 697 989 lieri
718 931 827 1010 potest
848 923 975 1009 absque
997 927 1030 989 vi
1052 925 1169 990 iisdem
1192 929 1288 994 illata

178 949 320 1100 regesne
341 1010 418 1076 ndei
441 1009 635 1076 Catholicae
658 1027 844 1096 congruere
866 1009 976 1074 debet.
1000 1009 1033 1088 l³)
1090 1011 1188 1076 Hand
1212 1031 1288 1076 raro

179 1105 277 1168 eliam
300 1097 341 1160 ob
365 1095 570 1176 disciplinam
592 1097 726 1167 aaroni,
751 1111 816 1178 qna
839 1093 1030 1178 mysterium
1053 1091 1121 1160 88.
1143 1095 1289 1160 Trinita-

178 1187 222 1252 tis
257 1188 291 1246 ct
322 1187 534 1245 sacramenta
571 1177 712 1242 nondum
753 1178 932 1263 baptizatis
960 1179 1126 1244 occultare
1155 1181 1289 1246 solebat

179 1264 335 1335 Ecclesia
357 1265 493 1347 antiqua
515 1281 620 1348 usque
642 1261 684 1327 arl
708 1261 877 1326 saeculum
899 1267 1028 1328 sextum
1059 1263 1101 1328 ad
1130 1264 1287 1330 vitandos

180 1355 314 1424 abusus,
337 1347 499 1434 quaedam
522 1349 663 1412 obscure
685 1353 810 1411 tuntum
831 1347 1026 1422 innuuntur,
1048 1348 1096 1412 ita
1117 1357 1153 1413 nt
1174 1351 1289 1414 scien·

180 1447 233 1504 tes
255 1433 360 1499 intelli
390 1439 458 1510 aut,
479 1433 489 1496 i
520 1439 677 1497 notantes
699 1431 831 1496 minime
850 1431 1117 1516 percipiant;**)
1139 1433 1286 1498 adhaec

180 1529 272 1588 recte
304 1453 477 1605 intelligen
503 1536 523 1581 a
554 1515 761 1602 Theologiae
796 1517 920 1600 pariter
948 1518 1096 1602 cognitio
1118 1519 1285 1614 exigitur.

180 1604 297 1687 Quoad
322 1603 406 1666 haec
429 1602 537 1666 omnia
558 1607 669 1666 tamen
692 1599 810 1665 sedulo
833 1607 867 1664 et
889 1620 1014 1665 summo
1036 1601 1146 1668 stodro
1169 1621 1289 1668 caren-

182 1691 275 1767 dum,
298 1705 339 1753 ne
356 1683 423 1752 88.
437 1685 593 1751 Patribus
615 1683 831 1750 obtrudantur
852 1691 886 1748 et
907 1693 1133 1772 struponantur
1153 1699 1288 1752 senten·

181 1777 248 1839 tiae
278 1773 320 1836 ab
348 1790 461 1836 eornm
491 1776 602 1835 monte
633 1787 770 1853 prorsus
800 1768 931 1834 alienae
960 1769 1034 1864 (ci.
1064 1759 1100 1845 S.
1135 1766 1213 1854 17.)
1247 1811 1288 1822 -

181 1856 369 1938 'l'heologin
397 1873 493 1942 porro
519 1873 580 1920 uos
606 1853 756 1930 instruit,
783 1869 944 1940 quaenam
974 1861 1042 1921 siut
1067 1857 1227 1921 materiae
1255 1855 1289 1919 in

181 1947 257 2028 ipsa
281 1941 438 2006 Ecclesia
465 1939 574 2004 adhuc
601 1947 860 2016 controversae,
894 1957 948 2004 ex.
979 1957 1031 2026 gr.
1063 1941 1216 2023 quaestio
1246 1938 1291 2005 de

182 2029 330 2092 ministro
351 2025 551 2088 sacramenti
573 2022 787 2096 matrimonii,
816 2029 849 2086 et
872 2041 1032 2104 quaenam
1054 2023 1215 2104 dogmata
1236 2026 1291 2090 in·
1356 2079 1360 2084 .

182 2120 234 2176 tcr
256 2106 448 2174 Catholicos
470 2123 513 2172 ex
536 2125 601 2170 rina
622 2113 734 2189 parte,
763 2107 850 2170 inter
878 2107 1028 2174 Graecos
1057 2109 1291 2175 schismaticos

130 2231 135 2243 ·
180 2203 217 2259 et
241 2195 473 2258 Protestantes
495 2207 539 2255 ex
561 2189 668 2254 altera
690 2197 785 2274 parte
808 2189 877 2256 litis
899 2193 1070 2259 materiam
1092 2195 1288 2279 praebeant.

181 2277 247 2344 Ubi
278 2277 339 2340 hus
368 2274 616 2340 controversias
645 2276 729 2339 satis
758 2276 909 2341 novimus
942 2295 984 2343 ex
1016 2277 1225 2368 Theologia,
1256 2279 1290 2343 in

182 2365 258 2448 insa
280 2361 426 2426 lectione
448 2358 491 2424 nd
513 2377 555 2424 ea
577 2358 679 2424 facile
700 2360 765 2424 erit
787 2360 926 2426 animum
950 2361 1137 2437 adrertere,
1159 2365 1289 2448 quaein

183 2448 374 2512 alterutram
399 2451 525 2529 nartem
548 2443 679 2527 pondus
701 2443 844 2520 addere,
876 2463 961 2530 quae
983 2465 1080 2532 porro
1102 2447 1198 2514 fidem
1221 2447 1290 2513 Ca—

182 2532 339 2596 tholicam
369 2528 500 2594 firmare
529 2538 563 2592 et
590 2527 716 2593 munire
751 2528 901 2614 nomint,
940 2529 1023 2596 haec
1053 2549 1133 2598 vero
1163 2533 1291 2618 absque

182 2615 393 2702 'theologiae
416 2613 607 2702 cognitione
629 2613 765 2678 lectoris
787 2615 926 2679 animum
950 2615 1141 2765 plerumque
1162 2620 1292 2702 effuge-

183 2709 268 2765 rent.
289 2738 331 2750 -
374 2699 512 2763 Demurn
534 2697 567 2760 in
580 2694 745 2781 Operibus
761 2695 829 2763 88.
842 2698 985 2779 Patrum,
1009 2707 1045 2765 nt
1066 2722 1086 2765 a
1104 2702 1145 2765 ibi
1166 2700 1290 2766 dictum

184 2783 247 2846 tuit
269 2767 323 2854 (S.
350 2785 438 2854 15),
468 2779 666 2866 quandoque
693 2783 791 2847 etiam
818 2800 950 2848 errores
973 2783 1222 2869 deprehendere
1245 2785 1290 2848 li-

185 2873 249 2930 cet.
296 2866 348 2928 Ne
371 2863 403 2926 iu
426 2863 479 2929 his
501 2865 601 2928 etiam
622 2871 746 2931 lamere
761 2865 893 2931 Petrum
916 2871 1146 2936 auctoritatem
1167 2889 1289 2955 sequa·

185 2969 274 3024 mur,
298 2963 440 3012 errorem
463 2945 561 3012 simol
584 2967 657 3014 cum
679 2951 824 3015 veritate
845 2951 1053 3030 imbibentes,
1077 2973 1165 3020 neve
1187 2953 1290 3019 errori

183 3039 278 3096 tanto
300 3029 425 3096 firmius
448 3030 693 3114 inhaereamus,
718 3043 838 3119 quanto
860 3039 974 3120 majori
997 3040 1181 3105 auctoritati
1203 3039 1291 3103 iuni-

185 3117 282 3188 titur,
312 3115 374 3182 sed
407 3123 441 3180 ut
468 3118 576 3192 notius
603 3135 734 3183 errores
761 3121 845 3185 istos
867 3137 1111 3208 cognoscamus
1138 3125 1291 3189 simulet

187 3201 392 3281 devitemus,
421 3209 579 3268 accurate
607 3221 710 3268 nosse
726 3204 860 3286 juvabit
881 3205 1042 3293 dogmata
1063 3207 1143 3274 srdei
1165 3215 1200 3273 et
1221 3225 1291 3274 mo-

188 3405 395 3417 *η-

239 3511 267 3573 a)
287 3517 446 3579 Exenrplurn
472 3513 554 3578 hujus
577 3520 619 3565 rel
646 3519 762 3568 hahetur
781 3523 808 3570 ln
829 3533 862 3570 aa
882 3525 1058 3584 quaestione,
1084 3527 1175 3572 utrum
1194 3522 1291 3572 Sancti

292 3587 388 3635 Patres
406 3587 599 3636 Eucharistiae
618 3593 833 3640 communionem
852 3591 977 3652 parvulis
996 3595 1146 3654 hantlaatts
1163 3593 1196 3640 ad
1216 3593 1293 3641 salu-

292 3659 345 3702 tern
375 3659 403 3704 et
429 3661 514 3706 vitam
539 3663 682 3707 ueternum
706 3665 924 3721 consequendam
950 3663 1135 3712 necessariora
1161 3665 1294 3712 credide-

291 3727 363 3783 riut,
386 3737 430 3772 cx.
449 3738 493 3788 gr.
513 3729 540 3773 S·
561 3721 711 3791 Arrg'rrstln·
736 3731 769 3777 de
795 3737 932 3790 peccator.
952 3737 1045 3781 merit.
1065 3733 1093 3782 et
1110 3736 1221 3782 remiss.
1240 3731 1292 3781 llb.

292 3794 314 3839 Ι.
335 3808 363 3842 n.
383 3793 427 3843 at.
448 3800 476 3844 ot
493 3793 538 3846 ct.
564 3822 588 3832 -·
627 3799 656 3845 8.
677 3800 830 3848 innocentii
851 3804 871 3850 l.
890 3805 971 3862 eolat.
990 3801 1035 3853 30.
1057 3803 1100 3858 lad
1114 3803 1222 3853 concil·
1235 3803 1294 3851 ttr-

293 3861 386 3919 levit.)
405 3873 432 3911 n·
452 3866 479 3915 5.
502 3891 528 3904 «-
568 3868 597 3912 S.
618 3868 723 3916 (tutasti
750 3869 777 3918 Ρ.
802 3873 883 3932 optat.
905 3871 931 3922 7.
957 3873 1069 3930 (Monet
1088 3875 1119 3922 ·1“.
1137 3873 1213 3922 Vllt.
1239 3873 1292 3921 ool.

291 3927 358 3988 26.)
382 3930 445 3986 cl..
464 3937 494 3981 nt
512 3937 603 3994 actas,
630 3945 684 3996 qua
702 3939 810 3987 rattono
832 3939 902 3991 haec
921 3941 1041 4005 totelttgt
1066 3945 1200 4004 debeant,
1221 3941 1295 3993 eon-

292 4001 340 4047 cll.
359 4001 485 4051 trident.
500 4007 575 4052 beas.
595 4005 639 4052 21.
660 4015 685 4051 ο.
703 4001 731 4055 t.

221 4093 272 4156 *η
291 4097 354 4147 vid.
379 4095 550 4159 praeclarum
576 4113 663 4161 opas:
700 4103 732 4154 a.
751 4105 935 4160 schelstrate:
962 4105 1000 4160 lle
1018 4107 1168 4173 disetnllrra
1185 4113 1295 4158 areant.

293 4241 336 4288 rat
356 4239 470 4289 tltulna:
489 4239 650 4292 Thesaurus
667 4243 815 4298 Historiae
834 4247 1072 4302 aeclesiasticae.
1100 4253 1204 4301 Rornae
1226 4247 1298 4300 18³8

291 4319 370 4372 seqq.
388 4311 421 4360 ¹1⁸.
441 4311 502 4360 vlt.
522 4325 550 4375 p.
570 4312 613 4364 55.
632 4323 712 4378 taqq·
731 4316 864 4376 (ulnera
884 4315 953 4382 th).

292 4167 394 4218 aumas
416 4165 492 4220 1685.
517 4176 545 4220 tn
564 4167 619 4221 tro.
653 4173 792 4227 'liaeusu'm
817 4185 859 4228 est
876 4173 906 4228 'to
930 4172 1098 4241 amplissima
1117 4179 1296 4231 collectione,
1351 4181 1355 4188 ‘
