2886 4660
182 299 225 366 iii

185 467 342 552 aliaeque
368 461 562 551 singulares
593 469 711 542 notae,
745 461 864 548 quihus
898 478 919 525 a
953 457 1076 526 ceteris
1109 458 1299 527 hominihus

186 551 430 638 distinguatur,
461 548 507 612 itu
529 547 674 634 siugulis
697 563 827 631 quoque
848 543 1004 610 Patribus
1026 541 1205 610 Ecclesiae
1235 563 1300 628 pc-

186 635 331 702 culiares
353 629 513 718 quaedam
538 631 759 716 proprietates
778 628 978 703 inhaerent,
1008 645 1095 712 quae
1122 635 1179 692 arri
1208 647 1299 694 uuu-

190 739 307 805 quant,
329 723 386 782 aut
405 734 478 780 raro
501 717 599 780 elteri
621 715 833 799 couveuiaut3
856 713 982 801 singuli
1005 729 1117 810 eorum
1138 711 1301 809 siugula-

188 823 257 870 rem
281 819 361 887 prae
382 817 422 866 se
444 799 555 865 ierunt
577 801 736 864 orationis
765 797 1004 874 characterem,
1033 795 1188 862 dictionis
1212 815 1300 862 cou-

188 895 328 964 texium,
351 891 506 952 texturae
529 885 793 959 continuitatem,
815 880 1012 948 elocutionis
1035 881 1183 957 sormam,
1206 882 1227 948 n
1279 921 1298 935 -

187 991 243 1038 ras
264 969 435 1056 loquendi,
458 967 685 1054 dispositionis
708 967 899 1044 artificium,
926 965 1137 1032 tractationis
1167 901 1300 1034 metho-

189 1055 263 1122 dum
285 1063 321 1120 et
349 1054 435 1128 alia,
465 1071 550 1138 qrrae
581 1053 698 1138 cuique
731 1051 857 1116 diserto
886 1050 1013 1116 auctori
1047 1050 1180 1136 propria
1207 1061 1300 1118 suut.

188 1142 258 1206 lmo
280 1139 382 1205 etiam
403 1137 561 1202 diversae
584 1143 714 1203 aetates
732 1136 909 1201 Ecclesiae
931 1153 991 1220 pro
1014 1135 1110 1200 uaria
1124 1135 1297 1204 literarum

189 1225 414 1290 humaniorum
452 1219 639 1287 conditione
671 1221 771 1286 ulium
801 1228 903 1304 utque
931 1219 1030 1284 ulium
1068 1220 1226 1285 orationis
1260 1229 1300 1288 et

191 1307 347 1372 dictionis
370 1304 595 1372 characterem
626 1304 861 1390 diversamque
891 1321 947 1369 res
975 1301 1140 1370 tractandi
1168 1304 1301 1371 metho-

191 1391 266 1457 dum
289 1389 457 1456 exhibent.
516 1389 570 1454 Ad
601 1389 685 1456 haec
712 1407 796 1474 ergo
827 1389 935 1454 omnia
963 1387 1131 1474 respicere
1156 1395 1297 1474 oportet,

191 1483 227 1541 ui
243 1479 369 1560 justum
391 1475 423 1539 iu
447 1474 697 1559 quaestiouibus
720 1473 845 1540 criticis
868 1473 994 1539 feratur
1010 1469 1177 1556 judicium.

688 1653 726 1744 S.
745 1673 797 1733 aa.

192 1811 316 1874 Currrue
343 1781 633 1892 rrrppnrr'ir'om'r'et
656 1811 877 1893 corruptione}
908 1809 1043 1892 Operum
1069 1809 1131 1873 88.
1156 1809 1299 1880 Palmum.

281 1975 435 2052 Causae,
467 1977 555 2042 uude
576 1977 760 2061 suppositio
782 1983 818 2042 et
844 1976 1039 2061 depravatio
1069 1995 1203 2062 operum
1228 1976 1299 2046 SS.

189 2061 323 2127 Petrum
346 2060 509 2147 originem
532 2067 682 2138 traxere,
705 2061 748 2124 ud
772 2079 835 2126 sex
857 2079 986 2147 genera
1005 2062 1178 2128 commode
1199 2063 1300 2132 redu-

188 2147 220 2209 ci
242 2150 390 2229 pnsauut.
436 2145 560 2209 Harum
584 2145 689 2226 prima
710 2151 743 2210 ei
767 2145 997 2230 antiquissime
1020 2151 1073 2210 cst

275 2249 325 2405 iz
341 2253 573 2317 haereticorum
596 2255 735 2318 unalitiu.
790 2255 961 2324 Haeretici
983 2258 1069 2322 euim
1092 2257 1149 2343 qui
1168 2259 1301 2326 axioma
1434 2335 1435 2338 Ἴ

188 2357 270 2405 vere
328 2336 524 2404 atholicum:
555 2339 587 2402 iu
617 2339 718 2405 rebus
748 2339 923 2426 religionis
952 2359 1017 2406 uun
1056 2359 1136 2410 esse
1173 2362 1298 2422 verum,

188 2421 275 2509 quod
299 2429 353 2490 est
373 2441 515 2502 novum,
543 2441 707 2510 utinquam
741 2443 784 2490 ex
807 2425 971 2490 mentibus
993 2445 1125 2492 suorum
1149 2427 1298 2494 funditus

188 2509 375 2595 extirpare,
408 2523 573 2592 nunquam
604 2509 735 2592 penitus
763 2508 940 2575 obliterare
969 2509 1152 2590 valebunt,
1186 2511 1300 2579 sontes

188 2594 293 2660 omnis
315 2591 468 2658 veritatis
490 2592 680 2672 revelatae,
701 2591 739 2658 S.
762 2589 969 2678 Scriptorum
992 2601 1027 2660 et
1048 2595 1186 2670 Patres,
1208 2597 1299 2662 Tra-

187 2677 322 2742 ditinuis
345 2682 474 2746 testes,
503 2675 684 2740 identidem
715 2677 746 2740 iu
778 2697 859 2742 suas
890 2677 1082 2764 pertrahere
1107 2681 1298 2746 sententies

186 2759 402 2845 satagebant.
448 2756 550 2837 Quaem
574 2760 606 2848 iu
629 2759 725 2826 tinem
747 2761 842 2827 varia
864 2762 1045 2828 adhibuere
1067 2761 1197 2849 media3
1228 2783 1299 2852 gc-

186 2841 306 2908 nuinos
335 2839 374 2906 S.
404 2840 599 2926 scripturae
627 2843 730 2910 libros
764 2863 923 2927 perverse
956 2845 999 2914 ud
1030 2866 1123 2914 suurn
1154 2855 1300 2914 meuieru

186 2923 491 3011 interpretabantur
512 2919 606 3015 (vid.
629 2911 667 3004 S.
689 2923 788 3016 tul:
813 2931 944 3079 pariter
966 2933 1114 3018 genuina
1136 2928 1203 2998 SS.
1227 2933 1297 2998 Pu-

185 3015 271 3075 trum
292 3025 395 3095 opera
416 3007 459 3074 ad
482 3027 562 3076 suos
591 3029 722 3080 errores
750 3031 810 3079 con
836 3013 987 3081 rmaudos
1014 3013 1102 3081 haud
1132 3033 1208 3081 raro
1234 3015 1299 3082 de-

186 3094 403 3192 torquebout3
433 3094 466 3173 ⁴)
489 3100 665 3180 praetereo
687 3104 753 3164 tam
777 3098 949 3183 Apostolis
970 3108 1005 3166 ct
1027 3097 1202 3186 discipulis
1224 3099 1300 3166 ilo·

185 3179 285 3258 minu,
308 3197 406 3265 quam
426 3179 591 3265 sequioris
613 3182 735 3247 aetatis
758 3181 914 3247 Putrihus
937 3182 1025 3248 haud
1042 3201 1150 3269 pauca
1171 3203 1300 3268 suppo-

187 3281 287 3330 suere
305 3281 418 3349 operu,
439 3263 525 3330 uude
547 3271 596 3330 tot
617 3263 706 3330 falso
727 3267 928 3356 evangelia,
951 3266 1039 3332 salsa
1063 3269 1165 3344 Actu,
1188 3267 1300 3334 falsae

187 3347 426 3435 Apostolorum
447 3367 625 3435 eorumque
649 3346 883 3434 discipulorum
906 3351 1095 3435 epistolae,
1121 3353 1213 3417 falsa
1234 3351 1300 3418 dc·

186 3431 286 3518 nique
309 3432 414 3498 omnis
436 3433 573 3520 generis
593 3450 695 3518 opera
717 3434 850 3500 Petrum
872 3435 1040 3520 publicam
1062 3436 1171 3502 lucem
1193 3453 1298 3523 aspe-

185 3533 286 3594 xere,
315 3525 351 3580 ut
378 3515 492 3582 horum
520 3535 583 3602 ope
610 3535 743 3584 errores
773 3517 952 3599 haeretici,
979 3539 998 3584 s
1024 3519 1137 3585 ecioso
1165 3521 1299 3586 nomine

188 3597 333 3663 lucentcs
361 3605 397 3664 et
424 3599 667 3679 commendati,
697 3603 853 3669 lectorum
884 3539 1139 3684 impresentium
1168 3604 1298 3669 unimus

187 3689 389 3764 occuparent
410 3692 445 3748 et
465 3683 662 3771 inficereni3
685 3687 739 3765 **)
783 3687 841 3752 alii
863 3688 1009 3768 demum,
1033 3687 1089 3754 uhi
1110 3687 1203 3756 istud
1227 3687 1300 3754 heri

192 3834 401 3852 m

241 3940 272 4004 *J
292 3947 320 3995 iri
347 3951 482 4011 exemplis
513 3963 547 3999 cx
578 3953 691 4001 intorta
718 3953 917 4008 Ecclesiasticu
949 3931 1098 4020 repremit·
1123 3957 1299 4008 couirurutur

295 4019 366 4136 iffi?
391 4019 546 4138 gt09wiest
571 4020 598 4080 s.
617 4019 680 4072 311.
706 4023 768 4074 312.
793 4023 857 4084 att.
900 4027 944 4078 Gi.
965 4029 1065 4080 water
1089 4029 1223 4079 iiihiiotlr.
1243 4029 1299 4078 Pu-

224 4179 272 4242 ”l
290 4185 394 4248 Quodsi
414 4186 476 4250 qais
494 4189 647 4239 editionum
663 4193 712 4240 88.
726 4193 837 4244 i’utruur
854 4196 1018 4256 atiuurtuts
1034 4197 1228 4248 adorarunt·
1247 4204 1299 4256 rp-

296 4258 428 4317 pcudicee
444 4258 674 4326 perlustraverit,
700 4262 787 4314 muita
804 4267 834 4316 et
851 4265 994 4318 iuouieutu
1010 4261 1094 4329 liujus
1112 4269 1155 4318 rei
1174 4267 1300 4338 inveniri
