<?xml version="1.0" encoding="UTF-8"?>
<!DOCTYPE html PUBLIC "-//W3C//DTD XHTML 1.0 Transitional//EN"
    "http://www.w3.org/TR/xhtml1/DTD/xhtml1-transitional.dtd">
<html xmlns="http://www.w3.org/1999/xhtml" xml:lang="en" lang="en">
 <head>
  <title>
</title>
<meta http-equiv="Content-Type" content="text/html;charset=utf-8" />
  <meta name='ocr-system' content='tesseract 3.04.00' />
  <meta name='ocr-capabilities' content='ocr_page ocr_carea ocr_par ocr_line ocrx_word'/>
</head>
<body>
  <div class='ocr_page' id='page_1' title='image "./institutionespa01fessgoog_0172.png"; bbox 0 0 2886 4660; ppageno 0'>
   <div class='ocr_carea' id='block_1_1' title="bbox 712 0 1347 2">
    <p class='ocr_par' dir='ltr' id='par_1_1' title="bbox 712 0 1347 2">
     <span class='ocr_line' id='line_1_1' title="bbox 712 0 1347 2; baseline 0 0"><span class='ocrx_word' id='word_1_1' title='bbox 712 0 1347 2; x_wconf 95' lang='lat' dir='ltr'><strong> </strong></span> 
     </span>
    </p>
   </div>
   <div class='ocr_carea' id='block_1_2' title="bbox 1199 387 1258 454">
    <p class='ocr_par' dir='ltr' id='par_1_2' title="bbox 1199 387 1258 454">
     <span class='ocr_line' id='line_1_2' title="bbox 1199 387 1258 454; baseline 0.034 -3"><span class='ocrx_word' id='word_1_2' title='bbox 1199 387 1258 454; x_wconf 80' lang='lat'><strong>135</strong></span> 
     </span>
    </p>
   </div>
   <div class='ocr_carea' id='block_1_3' title="bbox 142 541 1260 3494">
    <p class='ocr_par' dir='ltr' id='par_1_3' title="bbox 142 541 1260 3494">
     <span class='ocr_line' id='line_1_3' title="bbox 221 541 1258 634; baseline 0.008 -24"><span class='ocrx_word' id='word_1_3' title='bbox 221 545 285 610; x_wconf 85' lang='lat' dir='ltr'><strong>etsi</strong></span> <span class='ocrx_word' id='word_1_4' title='bbox 300 543 395 609; x_wconf 81' lang='lat' dir='ltr'><strong>locos</strong></span> <span class='ocrx_word' id='word_1_5' title='bbox 410 541 449 610; x_wconf 88' lang='lat' dir='ltr'><strong>S.</strong></span> <span class='ocrx_word' id='word_1_6' title='bbox 464 543 660 632; x_wconf 78' lang='lat' dir='ltr'><strong>Scripturae</strong></span> <span class='ocrx_word' id='word_1_7' title='bbox 678 545 812 628; x_wconf 83' lang='lat' dir='ltr'><strong>majoris</strong></span> <span class='ocrx_word' id='word_1_8' title='bbox 827 549 990 628; x_wconf 75' lang='lat' dir='ltr'><strong>momenti,</strong></span> <span class='ocrx_word' id='word_1_9' title='bbox 1012 549 1067 634; x_wconf 84' lang='lat' dir='ltr'><strong>qni</strong></span> <span class='ocrx_word' id='word_1_10' title='bbox 1087 552 1129 614; x_wconf 81' lang='lat' dir='ltr'><strong>ali</strong></span> <span class='ocrx_word' id='word_1_11' title='bbox 1149 553 1195 616; x_wconf 86' lang='lat' dir='ltr'><strong>nli</strong></span> <span class='ocrx_word' id='word_1_12' title='bbox 1219 573 1258 618; x_wconf 87' lang='lat' dir='ltr'><strong>no</strong></span> 
     </span>
     <span class='ocr_line' id='line_1_4' title="bbox 142 563 1260 719; baseline 0.006 -25"><span class='ocrx_word' id='word_1_13' title='bbox 142 563 249 697; x_wconf 54' lang='lat' dir='ltr'><strong>mre</strong></span> <span class='ocrx_word' id='word_1_14' title='bbox 271 634 487 712; x_wconf 83' lang='lat' dir='ltr'><strong>exponuntur</strong></span> <span class='ocrx_word' id='word_1_15' title='bbox 515 636 614 716; x_wconf 85' lang='lat' dir='ltr'><strong>atque</strong></span> <span class='ocrx_word' id='word_1_16' title='bbox 644 629 678 695; x_wconf 95' lang='lat' dir='ltr'><strong>in</strong></span> <span class='ocrx_word' id='word_1_17' title='bbox 703 626 870 714; x_wconf 77' lang='lat' dir='ltr'><strong>Operibus</strong></span> <span class='ocrx_word' id='word_1_18' title='bbox 898 651 961 697; x_wconf 88' lang='lat' dir='ltr'><strong>nou</strong></span> <span class='ocrx_word' id='word_1_19' title='bbox 990 636 1179 719; x_wconf 78' lang='lat' dir='ltr'><strong>exegeticis</strong></span> <span class='ocrx_word' id='word_1_20' title='bbox 1196 573 1260 702; x_wconf 49' lang='lat' dir='ltr'><strong>(irie</strong></span> 
     </span>
     <span class='ocr_line' id='line_1_5' title="bbox 146 711 1260 798; baseline 0.005 -19"><span class='ocrx_word' id='word_1_21' title='bbox 146 711 216 780; x_wconf 84' lang='lat' dir='ltr'><strong>illie</strong></span> <span class='ocrx_word' id='word_1_22' title='bbox 245 711 658 796; x_wconf 53' lang='lat' dir='ltr'><strong>dispersi&#39;inveniuutnr,</strong></span> <span class='ocrx_word' id='word_1_23' title='bbox 689 714 807 780; x_wconf 87' lang='lat' dir='ltr'><strong>sedulo</strong></span> <span class='ocrx_word' id='word_1_24' title='bbox 833 717 930 798; x_wconf 87' lang='lat' dir='ltr'><strong>juxta</strong></span> <span class='ocrx_word' id='word_1_25' title='bbox 959 718 1081 783; x_wconf 86' lang='lat' dir='ltr'><strong>seriem</strong></span> <span class='ocrx_word' id='word_1_26' title='bbox 1104 717 1260 785; x_wconf 88' lang='lat' dir='ltr'><strong>librorum</strong></span> 
     </span>
     <span class='ocr_line' id='line_1_6' title="bbox 147 797 1259 887; baseline 0.009 -27"><span class='ocrx_word' id='word_1_27' title='bbox 147 797 333 862; x_wconf 89' lang='lat' dir='ltr'><strong>divinorum</strong></span> <span class='ocrx_word' id='word_1_28' title='bbox 364 798 407 862; x_wconf 91' lang='lat' dir='ltr'><strong>ob</strong></span> <span class='ocrx_word' id='word_1_29' title='bbox 436 798 553 864; x_wconf 88' lang='lat' dir='ltr'><strong>uentos</strong></span> <span class='ocrx_word' id='word_1_30' title='bbox 580 804 727 883; x_wconf 88' lang='lat' dir='ltr'><strong>ponant,</strong></span> <span class='ocrx_word' id='word_1_31' title='bbox 764 817 828 862; x_wconf 87' lang='lat' dir='ltr'><strong>non</strong></span> <span class='ocrx_word' id='word_1_32' title='bbox 859 805 968 866; x_wconf 91' lang='lat' dir='ltr'><strong>tamen</strong></span> <span class='ocrx_word' id='word_1_33' title='bbox 996 801 1101 887; x_wconf 85' lang='lat' dir='ltr'><strong>ipsam</strong></span> <span class='ocrx_word' id='word_1_34' title='bbox 1124 805 1259 870; x_wconf 80' lang='lat' dir='ltr'><strong>Petrum</strong></span> 
     </span>
     <span class='ocr_line' id='line_1_7' title="bbox 149 881 1259 966; baseline 0.006 -20"><span class='ocrx_word' id='word_1_35' title='bbox 149 881 324 948; x_wconf 82' lang='lat' dir='ltr'><strong>tectionem</strong></span> <span class='ocrx_word' id='word_1_36' title='bbox 347 883 546 966; x_wconf 85' lang='lat' dir='ltr'><strong>superllunm</strong></span> <span class='ocrx_word' id='word_1_37' title='bbox 569 881 711 948; x_wconf 84' lang='lat' dir='ltr'><strong>reddere</strong></span> <span class='ocrx_word' id='word_1_38' title='bbox 734 892 892 966; x_wconf 79' lang='lat' dir='ltr'><strong>possunt,</strong></span> <span class='ocrx_word' id='word_1_39' title='bbox 943 903 1005 950; x_wconf 83' lang='lat' dir='ltr'><strong>tine</strong></span> <span class='ocrx_word' id='word_1_40' title='bbox 1027 889 1128 952; x_wconf 87' lang='lat' dir='ltr'><strong>multa</strong></span> <span class='ocrx_word' id='word_1_41' title='bbox 1150 889 1259 954; x_wconf 85' lang='lat' dir='ltr'><strong>adhue</strong></span> 
     </span>
     <span class='ocr_line' id='line_1_8' title="bbox 150 905 1258 1050; baseline 0.007 -21"><span class='ocrx_word' id='word_1_42' title='bbox 150 965 350 1050; x_wconf 75' lang='lat' dir='ltr'><strong>patefaciet,</strong></span> <span class='ocrx_word' id='word_1_43' title='bbox 379 984 513 1050; x_wconf 87' lang='lat' dir='ltr'><strong>qnorum</strong></span> <span class='ocrx_word' id='word_1_44' title='bbox 542 967 574 1030; x_wconf 91' lang='lat' dir='ltr'><strong>in</strong></span> <span class='ocrx_word' id='word_1_45' title='bbox 598 968 673 1032; x_wconf 87' lang='lat' dir='ltr'><strong>istis</strong></span> <span class='ocrx_word' id='word_1_46' title='bbox 695 965 864 1032; x_wconf 80' lang='lat' dir='ltr'><strong>lndieilrus</strong></span> <span class='ocrx_word' id='word_1_47' title='bbox 886 905 978 1034; x_wconf 57' lang='lat' dir='ltr'><strong>milla</strong></span> <span class='ocrx_word' id='word_1_48' title='bbox 1000 971 1142 1036; x_wconf 86' lang='lat' dir='ltr'><strong>occurrit</strong></span> <span class='ocrx_word' id='word_1_49' title='bbox 1166 993 1258 1039; x_wconf 92' lang='lat' dir='ltr'><strong>men-</strong></span> 
     </span>
     <span class='ocr_line' id='line_1_9' title="bbox 151 1047 1258 1122; baseline 0.006 -9"><span class='ocrx_word' id='word_1_50' title='bbox 151 1050 206 1114; x_wconf 86' lang='lat' dir='ltr'><strong>tio.</strong></span> <span class='ocrx_word' id='word_1_51' title='bbox 227 1089 269 1100; x_wconf 89' lang='lat'><em>—</em></span> <span class='ocrx_word' id='word_1_52' title='bbox 292 1047 433 1114; x_wconf 84' lang='lat' dir='ltr'><strong>Demum</strong></span> <span class='ocrx_word' id='word_1_53' title='bbox 454 1051 555 1116; x_wconf 88' lang='lat' dir='ltr'><strong>etiam</strong></span> <span class='ocrx_word' id='word_1_54' title='bbox 577 1051 629 1116; x_wconf 86' lang='lat' dir='ltr'><strong>sie</strong></span> <span class='ocrx_word' id='word_1_55' title='bbox 651 1049 762 1116; x_wconf 89' lang='lat' dir='ltr'><strong>dietae</strong></span> <span class='ocrx_word' id='word_1_56' title='bbox 780 1053 921 1116; x_wconf 77' lang='lat' dir='ltr'><strong>Culetnte</strong></span> <span class='ocrx_word' id='word_1_57' title='bbox 939 1055 1071 1117; x_wconf 78' lang='lat' dir='ltr'><strong>Putrem</strong></span> <span class='ocrx_word' id='word_1_58' title='bbox 1094 1055 1146 1120; x_wconf 90' lang='lat' dir='ltr'><strong>hic</strong></span> <span class='ocrx_word' id='word_1_59' title='bbox 1168 1076 1258 1122; x_wconf 90' lang='lat' dir='ltr'><strong>eom-</strong></span> 
     </span>
     <span class='ocr_line' id='line_1_10' title="bbox 150 1133 1258 1205; baseline 0.006 -7"><span class='ocrx_word' id='word_1_60' title='bbox 150 1133 383 1198; x_wconf 71' lang='lat' dir='ltr'><strong>mentiendas</strong></span> <span class='ocrx_word' id='word_1_61' title='bbox 403 1135 551 1200; x_wconf 77' lang='lat' dir='ltr'><strong>veniunt.</strong></span> <span class='ocrx_word' id='word_1_62' title='bbox 574 1135 638 1202; x_wconf 84' lang='lat' dir='ltr'><strong>Est</strong></span> <span class='ocrx_word' id='word_1_63' title='bbox 658 1141 765 1201; x_wconf 87' lang='lat' dir='ltr'><strong>autem</strong></span> <span class='ocrx_word' id='word_1_64' title='bbox 776 1133 904 1200; x_wconf 88' lang='lat' dir='ltr'><strong>Calena</strong></span> <span class='ocrx_word' id='word_1_65' title='bbox 927 1136 1012 1202; x_wconf 85' lang='lat' dir='ltr'><strong>iuter</strong></span> <span class='ocrx_word' id='word_1_66' title='bbox 1039 1140 1156 1204; x_wconf 83' lang='lat' dir='ltr'><strong>relatio</strong></span> <span class='ocrx_word' id='word_1_67' title='bbox 1176 1160 1258 1205; x_wconf 89' lang='lat' dir='ltr'><strong>eon-</strong></span> 
     </span>
     <span class='ocr_line' id='line_1_11' title="bbox 148 1159 1258 1301; baseline 0.006 -19"><span class='ocrx_word' id='word_1_68' title='bbox 148 1217 241 1282; x_wconf 84' lang='lat' dir='ltr'><strong>tinua</strong></span> <span class='ocrx_word' id='word_1_69' title='bbox 268 1217 371 1282; x_wconf 89' lang='lat' dir='ltr'><strong>totius</strong></span> <span class='ocrx_word' id='word_1_70' title='bbox 401 1219 573 1301; x_wconf 90' lang='lat' dir='ltr'><strong>cujusdam</strong></span> <span class='ocrx_word' id='word_1_71' title='bbox 595 1219 633 1287; x_wconf 83' lang='lat' dir='ltr'><strong>S.</strong></span> <span class='ocrx_word' id='word_1_72' title='bbox 656 1217 851 1300; x_wconf 85' lang='lat' dir='ltr'><strong>Scripturao</strong></span> <span class='ocrx_word' id='word_1_73' title='bbox 880 1219 953 1285; x_wconf 81' lang='lat' dir='ltr'>libri</span> <span class='ocrx_word' id='word_1_74' title='bbox 976 1159 1117 1288; x_wconf 59' lang='lat' dir='ltr'><strong>collecta</strong></span> <span class='ocrx_word' id='word_1_75' title='bbox 1140 1243 1182 1288; x_wconf 82' lang='lat' dir='ltr'><strong>ex</strong></span> <span class='ocrx_word' id='word_1_76' title='bbox 1206 1225 1258 1289; x_wconf 90' lang='lat' dir='ltr'><strong>di-</strong></span> 
     </span>
     <span class='ocr_line' id='line_1_12' title="bbox 147 1301 1258 1392; baseline 0.007 -28"><span class='ocrx_word' id='word_1_77' title='bbox 147 1301 260 1367; x_wconf 85' lang='lat' dir='ltr'><strong>uersis</strong></span> <span class='ocrx_word' id='word_1_78' title='bbox 283 1301 352 1366; x_wconf 76' lang='lat' dir='ltr'><strong>SS.</strong></span> <span class='ocrx_word' id='word_1_79' title='bbox 375 1301 551 1372; x_wconf 78' lang='lat' dir='ltr'><strong>Patribus.</strong></span> <span class='ocrx_word' id='word_1_80' title='bbox 579 1305 628 1369; x_wconf 87' lang='lat' dir='ltr'><strong>ita</strong></span> <span class='ocrx_word' id='word_1_81' title='bbox 655 1311 690 1368; x_wconf 88' lang='lat' dir='ltr'><strong>ut</strong></span> <span class='ocrx_word' id='word_1_82' title='bbox 711 1303 837 1390; x_wconf 78' lang='lat' dir='ltr'><strong>singuli</strong></span> <span class='ocrx_word' id='word_1_83' title='bbox 861 1323 981 1371; x_wconf 79' lang='lat' dir='ltr'><strong>uersus</strong></span> <span class='ocrx_word' id='word_1_84' title='bbox 1005 1307 1097 1374; x_wconf 79' lang='lat' dir='ltr'><strong>brevi</strong></span> <span class='ocrx_word' id='word_1_85' title='bbox 1120 1311 1258 1392; x_wconf 73' lang='lat' dir='ltr'><strong>exposi-</strong></span> 
     </span>
     <span class='ocr_line' id='line_1_13' title="bbox 147 1384 1257 1478; baseline 0.009 -30"><span class='ocrx_word' id='word_1_86' title='bbox 147 1387 238 1450; x_wconf 89' lang='lat' dir='ltr'><strong>tione</strong></span> <span class='ocrx_word' id='word_1_87' title='bbox 269 1384 474 1470; x_wconf 80' lang='lat' dir='ltr'><strong>quorundam</strong></span> <span class='ocrx_word' id='word_1_88' title='bbox 502 1386 570 1452; x_wconf 86' lang='lat' dir='ltr'><strong>SS.</strong></span> <span class='ocrx_word' id='word_1_89' title='bbox 590 1388 746 1466; x_wconf 82' lang='lat' dir='ltr'><strong>Petrum,</strong></span> <span class='ocrx_word' id='word_1_90' title='bbox 778 1407 863 1472; x_wconf 83' lang='lat' dir='ltr'><strong>queo</strong></span> <span class='ocrx_word' id='word_1_91' title='bbox 893 1390 1036 1476; x_wconf 81' lang='lat' dir='ltr'><strong>propriis</strong></span> <span class='ocrx_word' id='word_1_92' title='bbox 1067 1391 1257 1478; x_wconf 85' lang='lat' dir='ltr'><strong>plerumque</strong></span> 
     </span>
     <span class='ocr_line' id='line_1_14' title="bbox 148 1470 1257 1560; baseline 0.005 -26"><span class='ocrx_word' id='word_1_93' title='bbox 148 1471 295 1554; x_wconf 86' lang='lat' dir='ltr'><strong>ipsorum</strong></span> <span class='ocrx_word' id='word_1_94' title='bbox 317 1470 430 1535; x_wconf 76' lang='lat' dir='ltr'><strong>verbis</strong></span> <span class='ocrx_word' id='word_1_95' title='bbox 452 1471 612 1546; x_wconf 72' lang='lat' dir='ltr'><strong>redditur,</strong></span> <span class='ocrx_word' id='word_1_96' title='bbox 635 1473 754 1556; x_wconf 80' lang='lat' dir='ltr'><strong>cuique</strong></span> <span class='ocrx_word' id='word_1_97' title='bbox 772 1471 844 1538; x_wconf 85' lang='lat' dir='ltr'><strong>iere</strong></span> <span class='ocrx_word' id='word_1_98' title='bbox 867 1492 1000 1560; x_wconf 85' lang='lat' dir='ltr'><strong>semper</strong></span> <span class='ocrx_word' id='word_1_99' title='bbox 1025 1477 1170 1542; x_wconf 84' lang='lat' dir='ltr'><strong>aucturis</strong></span> <span class='ocrx_word' id='word_1_100' title='bbox 1194 1497 1257 1541; x_wconf 85' lang='lat' dir='ltr'><strong>rin-</strong></span> 
     </span>
     <span class='ocr_line' id='line_1_15' title="bbox 150 1554 1258 1644; baseline 0.007 -26"><span class='ocrx_word' id='word_1_101' title='bbox 150 1554 443 1638; x_wconf 78' lang='lat' dir='ltr'><strong>menpraelrgitur,</strong></span> <span class='ocrx_word' id='word_1_102' title='bbox 467 1556 683 1622; x_wconf 71' lang='lat' dir='ltr'><strong>illustrentur.</strong></span> <span class='ocrx_word' id='word_1_103' title='bbox 705 1559 737 1626; x_wconf 75' lang='lat' dir='ltr'><strong>*l</strong></span> <span class='ocrx_word' id='word_1_104' title='bbox 760 1555 891 1622; x_wconf 88' lang='lat' dir='ltr'><strong>Dudum</strong></span> <span class='ocrx_word' id='word_1_105' title='bbox 915 1559 1036 1644; x_wconf 75' lang='lat' dir='ltr'><strong>qnippe</strong></span> <span class='ocrx_word' id='word_1_106' title='bbox 1058 1559 1089 1623; x_wconf 92' lang='lat' dir='ltr'><strong>in</strong></span> <span class='ocrx_word' id='word_1_107' title='bbox 1100 1559 1258 1627; x_wconf 81' lang='lat' dir='ltr'><strong>Ecclesia</strong></span> 
     </span>
     <span class='ocr_line' id='line_1_16' title="bbox 150 1638 1258 1732; baseline 0.007 -30"><span class='ocrx_word' id='word_1_108' title='bbox 150 1655 226 1703; x_wconf 86' lang='lat' dir='ltr'><strong>mos</strong></span> <span class='ocrx_word' id='word_1_109' title='bbox 246 1639 394 1716; x_wconf 77' lang='lat' dir='ltr'><strong>obtinuit,</strong></span> <span class='ocrx_word' id='word_1_110' title='bbox 414 1638 457 1704; x_wconf 93' lang='lat' dir='ltr'><strong>ad</strong></span> <span class='ocrx_word' id='word_1_111' title='bbox 479 1639 695 1706; x_wconf 89' lang='lat' dir='ltr'><strong>illustrandos</strong></span> <span class='ocrx_word' id='word_1_112' title='bbox 718 1640 756 1707; x_wconf 83' lang='lat' dir='ltr'><strong>S.</strong></span> <span class='ocrx_word' id='word_1_113' title='bbox 771 1639 968 1726; x_wconf 86' lang='lat' dir='ltr'><strong>Scripturae</strong></span> <span class='ocrx_word' id='word_1_114' title='bbox 988 1643 1089 1708; x_wconf 85' lang='lat' dir='ltr'><strong>libros</strong></span> <span class='ocrx_word' id='word_1_115' title='bbox 1111 1646 1258 1732; x_wconf 75' lang='lat' dir='ltr'><strong>egregia</strong></span> 
     </span>
     <span class='ocr_line' id='line_1_17' title="bbox 146 1721 1258 1807; baseline 0.005 -19"><span class='ocrx_word' id='word_1_116' title='bbox 146 1721 317 1807; x_wconf 74' lang='lat' dir='ltr'><strong>seligendi</strong></span> <span class='ocrx_word' id='word_1_117' title='bbox 345 1741 389 1788; x_wconf 86' lang='lat' dir='ltr'><strong>ex</strong></span> <span class='ocrx_word' id='word_1_118' title='bbox 424 1726 720 1806; x_wconf 74' lang='lat' dir='ltr'><strong>praestantissimis</strong></span> <span class='ocrx_word' id='word_1_119' title='bbox 749 1727 875 1790; x_wconf 83' lang='lat' dir='ltr'><strong>veteris</strong></span> <span class='ocrx_word' id='word_1_120' title='bbox 904 1725 1079 1792; x_wconf 79' lang='lat' dir='ltr'><strong>Ecclesiae</strong></span> <span class='ocrx_word' id='word_1_121' title='bbox 1102 1727 1258 1794; x_wconf 81' lang='lat' dir='ltr'><strong>Patribus</strong></span> 
     </span>
     <span class='ocr_line' id='line_1_18' title="bbox 145 1805 1258 1894; baseline 0.005 -22"><span class='ocrx_word' id='word_1_122' title='bbox 145 1814 249 1892; x_wconf 82' lang='lat' dir='ltr'><strong>atque</strong></span> <span class='ocrx_word' id='word_1_123' title='bbox 259 1805 497 1892; x_wconf 76' lang='lat' dir='ltr'><strong>scriptoribus,</strong></span> <span class='ocrx_word' id='word_1_124' title='bbox 519 1826 584 1873; x_wconf 88' lang='lat' dir='ltr'><strong>non</strong></span> <span class='ocrx_word' id='word_1_125' title='bbox 606 1807 702 1873; x_wconf 89' lang='lat' dir='ltr'><strong>modo</strong></span> <span class='ocrx_word' id='word_1_126' title='bbox 725 1809 802 1886; x_wconf 90' lang='lat' dir='ltr'><strong>illis,</strong></span> <span class='ocrx_word' id='word_1_127' title='bbox 823 1809 879 1894; x_wconf 84' lang='lat' dir='ltr'><strong>qui</strong></span> <span class='ocrx_word' id='word_1_128' title='bbox 901 1827 944 1874; x_wconf 86' lang='lat' dir='ltr'><strong>ex</strong></span> <span class='ocrx_word' id='word_1_129' title='bbox 967 1810 1117 1874; x_wconf 88' lang='lat' dir='ltr'><strong>instituto</strong></span> <span class='ocrx_word' id='word_1_130' title='bbox 1140 1831 1258 1878; x_wconf 86' lang='lat' dir='ltr'><strong>sacros</strong></span> 
     </span>
     <span class='ocr_line' id='line_1_19' title="bbox 147 1890 1259 1982; baseline 0.003 -24"><span class='ocrx_word' id='word_1_131' title='bbox 147 1890 339 1972; x_wconf 79' lang='lat' dir='ltr'><strong>Scriptores</strong></span> <span class='ocrx_word' id='word_1_132' title='bbox 360 1897 606 1976; x_wconf 84' lang='lat' dir='ltr'><strong>exposuerunt,</strong></span> <span class='ocrx_word' id='word_1_133' title='bbox 628 1891 690 1958; x_wconf 88' lang='lat' dir='ltr'><strong>sed</strong></span> <span class='ocrx_word' id='word_1_134' title='bbox 716 1893 815 1956; x_wconf 87' lang='lat' dir='ltr'><strong>etiam</strong></span> <span class='ocrx_word' id='word_1_135' title='bbox 839 1911 881 1956; x_wconf 83' lang='lat' dir='ltr'><strong>ex</strong></span> <span class='ocrx_word' id='word_1_136' title='bbox 903 1891 980 1958; x_wconf 87' lang='lat' dir='ltr'><strong>aliis</strong></span> <span class='ocrx_word' id='word_1_137' title='bbox 1003 1894 1174 1974; x_wconf 88' lang='lat' dir='ltr'><strong>omnibus,</strong></span> <span class='ocrx_word' id='word_1_138' title='bbox 1203 1897 1259 1982; x_wconf 81' lang='lat' dir='ltr'><strong>qui</strong></span> 
     </span>
     <span class='ocr_line' id='line_1_20' title="bbox 148 1973 1258 2066; baseline 0.006 -27"><span class='ocrx_word' id='word_1_139' title='bbox 148 1976 182 2040; x_wconf 90' lang='lat' dir='ltr'><strong>in</strong></span> <span class='ocrx_word' id='word_1_140' title='bbox 208 1973 371 2059; x_wconf 65' lang='lat' dir='ltr'><strong>(litoribus</strong></span> <span class='ocrx_word' id='word_1_141' title='bbox 399 1977 471 2042; x_wconf 89' lang='lat' dir='ltr'><strong>suis</strong></span> <span class='ocrx_word' id='word_1_142' title='bbox 494 1977 601 2042; x_wconf 86' lang='lat' dir='ltr'><strong>obiter</strong></span> <span class='ocrx_word' id='word_1_143' title='bbox 629 1976 752 2060; x_wconf 81' lang='lat' dir='ltr'><strong>aliquid</strong></span> <span class='ocrx_word' id='word_1_144' title='bbox 783 1977 824 2040; x_wconf 90' lang='lat' dir='ltr'><strong>ad</strong></span> <span class='ocrx_word' id='word_1_145' title='bbox 850 1977 954 2042; x_wconf 89' lang='lat' dir='ltr'><strong>lucem</strong></span> <span class='ocrx_word' id='word_1_146' title='bbox 978 1976 1101 2043; x_wconf 85' lang='lat' dir='ltr'><strong>divinis</strong></span> <span class='ocrx_word' id='word_1_147' title='bbox 1124 1981 1258 2066; x_wconf 88' lang='lat' dir='ltr'><strong>seriptis</strong></span> 
     </span>
     <span class='ocr_line' id='line_1_21' title="bbox 146 2060 1258 2146; baseline 0.005 -21"><span class='ocrx_word' id='word_1_148' title='bbox 146 2060 395 2126; x_wconf 80' lang='lat' dir='ltr'><strong>accendendam</strong></span> <span class='ocrx_word' id='word_1_149' title='bbox 429 2062 670 2146; x_wconf 86' lang='lat' dir='ltr'><strong>insperserunt.</strong></span> <span class='ocrx_word' id='word_1_150' title='bbox 723 2060 920 2144; x_wconf 86' lang='lat' dir='ltr'><strong>Hujusmodi</strong></span> <span class='ocrx_word' id='word_1_151' title='bbox 957 2061 1154 2130; x_wconf 83' lang='lat' dir='ltr'><strong>collectores</strong></span> <span class='ocrx_word' id='word_1_152' title='bbox 1183 2067 1258 2131; x_wconf 87' lang='lat' dir='ltr'><strong>lau-</strong></span> 
     </span>
     <span class='ocr_line' id='line_1_22' title="bbox 145 2143 1258 2233; baseline 0.004 -25"><span class='ocrx_word' id='word_1_153' title='bbox 145 2143 246 2209; x_wconf 86' lang='lat' dir='ltr'><strong>dabili</strong></span> <span class='ocrx_word' id='word_1_154' title='bbox 268 2144 370 2232; x_wconf 87' lang='lat' dir='ltr'><strong>plane</strong></span> <span class='ocrx_word' id='word_1_155' title='bbox 393 2144 556 2211; x_wconf 78' lang='lat' dir='ltr'><strong>industria</strong></span> <span class='ocrx_word' id='word_1_156' title='bbox 578 2164 621 2210; x_wconf 89' lang='lat' dir='ltr'><strong>ex</strong></span> <span class='ocrx_word' id='word_1_157' title='bbox 643 2147 685 2210; x_wconf 89' lang='lat' dir='ltr'><strong>iis</strong></span> <span class='ocrx_word' id='word_1_158' title='bbox 708 2147 915 2228; x_wconf 84' lang='lat' dir='ltr'><strong>praesertim,</strong></span> <span class='ocrx_word' id='word_1_159' title='bbox 935 2147 991 2233; x_wconf 81' lang='lat' dir='ltr'><strong>qui</strong></span> <span class='ocrx_word' id='word_1_160' title='bbox 1013 2149 1149 2232; x_wconf 85' lang='lat' dir='ltr'><strong>primum</strong></span> <span class='ocrx_word' id='word_1_161' title='bbox 1171 2147 1258 2214; x_wconf 90' lang='lat' dir='ltr'><strong>inter</strong></span> 
     </span>
     <span class='ocr_line' id='line_1_23' title="bbox 145 2227 1256 2322; baseline 0.005 -27"><span class='ocrx_word' id='word_1_162' title='bbox 145 2228 186 2295; x_wconf 79' lang='lat' dir='ltr'><strong>S.</strong></span> <span class='ocrx_word' id='word_1_163' title='bbox 213 2227 411 2310; x_wconf 75' lang='lat' dir='ltr'><strong>Scripturas</strong></span> <span class='ocrx_word' id='word_1_164' title='bbox 440 2229 640 2316; x_wconf 86' lang='lat' dir='ltr'><strong>interpretes</strong></span> <span class='ocrx_word' id='word_1_165' title='bbox 668 2231 775 2296; x_wconf 87' lang='lat' dir='ltr'><strong>locum</strong></span> <span class='ocrx_word' id='word_1_166' title='bbox 806 2239 989 2317; x_wconf 82' lang='lat' dir='ltr'><strong>oeertpant,</strong></span> <span class='ocrx_word' id='word_1_167' title='bbox 1019 2251 1063 2297; x_wconf 85' lang='lat' dir='ltr'><strong>ex</strong></span> <span class='ocrx_word' id='word_1_168' title='bbox 1091 2230 1256 2322; x_wconf 81' lang='lat' dir='ltr'><strong>Origene,</strong></span> 
     </span>
     <span class='ocr_line' id='line_1_24' title="bbox 145 2311 1257 2403; baseline 0.003 -24"><span class='ocrx_word' id='word_1_169' title='bbox 145 2332 190 2379; x_wconf 84' lang='lat' dir='ltr'><strong>ex</strong></span> <span class='ocrx_word' id='word_1_170' title='bbox 218 2311 257 2380; x_wconf 87' lang='lat' dir='ltr'><strong>S.</strong></span> <span class='ocrx_word' id='word_1_171' title='bbox 286 2313 548 2399; x_wconf 83' lang='lat' dir='ltr'><strong>Chrysostoruo,</strong></span> <span class='ocrx_word' id='word_1_172' title='bbox 581 2332 624 2380; x_wconf 89' lang='lat' dir='ltr'><strong>ex</strong></span> <span class='ocrx_word' id='word_1_173' title='bbox 657 2313 868 2380; x_wconf 72' lang='lat' dir='ltr'><strong>&#39;theodoreto</strong></span> <span class='ocrx_word' id='word_1_174' title='bbox 900 2323 966 2382; x_wconf 88' lang='lat' dir='ltr'><strong>etc.</strong></span> <span class='ocrx_word' id='word_1_175' title='bbox 1004 2325 1257 2403; x_wconf 86' lang='lat' dir='ltr'><strong>excerpserunt,</strong></span> 
     </span>
     <span class='ocr_line' id='line_1_25' title="bbox 145 2398 1258 2485; baseline 0.004 -23"><span class='ocrx_word' id='word_1_176' title='bbox 145 2415 233 2482; x_wconf 78' lang='lat' dir='ltr'><strong>uuae</strong></span> <span class='ocrx_word' id='word_1_177' title='bbox 261 2398 306 2464; x_wconf 89' lang='lat' dir='ltr'><strong>ad</strong></span> <span class='ocrx_word' id='word_1_178' title='bbox 334 2398 533 2485; x_wconf 82' lang='lat' dir='ltr'><strong>exponenda</strong></span> <span class='ocrx_word' id='word_1_179' title='bbox 564 2405 597 2464; x_wconf 90' lang='lat' dir='ltr'><strong>et</strong></span> <span class='ocrx_word' id='word_1_180' title='bbox 624 2399 657 2464; x_wconf 92' lang='lat' dir='ltr'><strong>in</strong></span> <span class='ocrx_word' id='word_1_181' title='bbox 686 2417 780 2464; x_wconf 89' lang='lat' dir='ltr'><strong>usum</strong></span> <span class='ocrx_word' id='word_1_182' title='bbox 808 2400 972 2466; x_wconf 87' lang='lat' dir='ltr'><strong>vertenda</strong></span> <span class='ocrx_word' id='word_1_183' title='bbox 998 2419 1097 2466; x_wconf 86' lang='lat' dir='ltr'><strong>saera</strong></span> <span class='ocrx_word' id='word_1_184' title='bbox 1121 2402 1258 2467; x_wconf 88' lang='lat' dir='ltr'><strong>oracula</strong></span> 
     </span>
     <span class='ocr_line' id='line_1_26' title="bbox 146 2481 1259 2572; baseline 0.002 -25"><span class='ocrx_word' id='word_1_185' title='bbox 146 2481 297 2566; x_wconf 84' lang='lat' dir='ltr'><strong>inprimis</strong></span> <span class='ocrx_word' id='word_1_186' title='bbox 319 2483 430 2548; x_wconf 84' lang='lat' dir='ltr'><strong>tacere</strong></span> <span class='ocrx_word' id='word_1_187' title='bbox 450 2482 661 2566; x_wconf 80' lang='lat' dir='ltr'><strong>viderentur;</strong></span> <span class='ocrx_word' id='word_1_188' title='bbox 684 2488 841 2566; x_wconf 81' lang='lat' dir='ltr'><strong>tantoque</strong></span> <span class='ocrx_word' id='word_1_189' title='bbox 863 2484 974 2572; x_wconf 85' lang='lat' dir='ltr'><strong>magis</strong></span> <span class='ocrx_word' id='word_1_190' title='bbox 996 2482 1029 2546; x_wconf 87' lang='lat' dir='ltr'><strong>ni</strong></span> <span class='ocrx_word' id='word_1_191' title='bbox 1051 2483 1160 2548; x_wconf 86' lang='lat' dir='ltr'><strong>doctis</strong></span> <span class='ocrx_word' id='word_1_192' title='bbox 1183 2486 1259 2568; x_wconf 88' lang='lat' dir='ltr'><strong>pla·</strong></span> 
     </span>
     <span class='ocr_line' id='line_1_27' title="bbox 147 2564 1259 2652; baseline 0.001 -22"><span class='ocrx_word' id='word_1_193' title='bbox 147 2570 228 2632; x_wconf 85' lang='lat' dir='ltr'><strong>cent</strong></span> <span class='ocrx_word' id='word_1_194' title='bbox 250 2582 291 2630; x_wconf 83' lang='lat' dir='ltr'><strong>ac</strong></span> <span class='ocrx_word' id='word_1_195' title='bbox 311 2567 440 2652; x_wconf 77' lang='lat' dir='ltr'><strong>prolimi</strong></span> <span class='ocrx_word' id='word_1_196' title='bbox 458 2567 581 2644; x_wconf 88' lang='lat' dir='ltr'><strong>solent,</strong></span> <span class='ocrx_word' id='word_1_197' title='bbox 603 2565 691 2651; x_wconf 81' lang='lat' dir='ltr'><strong>quod</strong></span> <span class='ocrx_word' id='word_1_198' title='bbox 714 2584 778 2630; x_wconf 90' lang='lat' dir='ltr'><strong>non</strong></span> <span class='ocrx_word' id='word_1_199' title='bbox 803 2564 898 2630; x_wconf 89' lang='lat' dir='ltr'><strong>modo</strong></span> <span class='ocrx_word' id='word_1_200' title='bbox 920 2583 964 2630; x_wconf 85' lang='lat' dir='ltr'><strong>ex</strong></span> <span class='ocrx_word' id='word_1_201' title='bbox 985 2567 1095 2630; x_wconf 85' lang='lat' dir='ltr'><strong>vastis</strong></span> <span class='ocrx_word' id='word_1_202' title='bbox 1119 2567 1259 2631; x_wconf 82' lang='lat' dir='ltr'><strong>volumi-</strong></span> 
     </span>
     <span class='ocr_line' id='line_1_28' title="bbox 148 2649 1259 2734; baseline 0 -18"><span class='ocrx_word' id='word_1_203' title='bbox 148 2649 248 2716; x_wconf 80' lang='lat' dir='ltr'><strong>nibus</strong></span> <span class='ocrx_word' id='word_1_204' title='bbox 270 2649 580 2718; x_wconf 83' lang='lat' dir='ltr'><strong>Commentariorum</strong></span> <span class='ocrx_word' id='word_1_205' title='bbox 602 2650 656 2714; x_wconf 91' lang='lat' dir='ltr'><strong>vel</strong></span> <span class='ocrx_word' id='word_1_206' title='bbox 681 2649 897 2716; x_wconf 82' lang='lat' dir='ltr'><strong>llomiliarum</strong></span> <span class='ocrx_word' id='word_1_207' title='bbox 919 2667 982 2730; x_wconf 93' lang='lat' dir='ltr'><strong>ea,</strong></span> <span class='ocrx_word' id='word_1_208' title='bbox 1009 2665 1094 2734; x_wconf 85' lang='lat' dir='ltr'><strong>quae</strong></span> <span class='ocrx_word' id='word_1_209' title='bbox 1118 2650 1259 2716; x_wconf 85' lang='lat' dir='ltr'><strong>maxime</strong></span> 
     </span>
     <span class='ocr_line' id='line_1_29' title="bbox 145 2732 1257 2819; baseline 0.001 -19"><span class='ocrx_word' id='word_1_210' title='bbox 145 2733 192 2800; x_wconf 89' lang='lat' dir='ltr'><strong>ad</strong></span> <span class='ocrx_word' id='word_1_211' title='bbox 216 2751 287 2799; x_wconf 85' lang='lat' dir='ltr'><strong>rem</strong></span> <span class='ocrx_word' id='word_1_212' title='bbox 312 2733 453 2815; x_wconf 84' lang='lat' dir='ltr'><strong>iaciunt,</strong></span> <span class='ocrx_word' id='word_1_213' title='bbox 476 2735 585 2802; x_wconf 88' lang='lat' dir='ltr'><strong>eonati</strong></span> <span class='ocrx_word' id='word_1_214' title='bbox 607 2741 684 2800; x_wconf 90' lang='lat' dir='ltr'><strong>snut</strong></span> <span class='ocrx_word' id='word_1_215' title='bbox 705 2733 876 2813; x_wconf 85' lang='lat' dir='ltr'><strong>delibare,</strong></span> <span class='ocrx_word' id='word_1_216' title='bbox 897 2739 999 2819; x_wconf 85' lang='lat' dir='ltr'><strong>atque</strong></span> <span class='ocrx_word' id='word_1_217' title='bbox 1020 2732 1160 2818; x_wconf 88' lang='lat' dir='ltr'><strong>plurium</strong></span> <span class='ocrx_word' id='word_1_218' title='bbox 1184 2734 1257 2802; x_wconf 86' lang='lat' dir='ltr'><strong>ela-</strong></span> 
     </span>
     <span class='ocr_line' id='line_1_30' title="bbox 144 2818 1257 2902; baseline 0.002 -18"><span class='ocrx_word' id='word_1_219' title='bbox 144 2837 253 2884; x_wconf 90' lang='lat' dir='ltr'><strong>rormn</strong></span> <span class='ocrx_word' id='word_1_220' title='bbox 273 2818 414 2884; x_wconf 68' lang='lat' dir='ltr'><strong>virorum</strong></span> <span class='ocrx_word' id='word_1_221' title='bbox 437 2838 542 2887; x_wconf 91' lang='lat' dir='ltr'><strong>seusa</strong></span> <span class='ocrx_word' id='word_1_222' title='bbox 562 2820 733 2886; x_wconf 77' lang='lat' dir='ltr'><strong>succincte</strong></span> <span class='ocrx_word' id='word_1_223' title='bbox 756 2818 997 2902; x_wconf 79' lang='lat' dir='ltr'><strong>cognoscenda</strong></span> <span class='ocrx_word' id='word_1_224' title='bbox 1017 2825 1053 2884; x_wconf 91' lang='lat' dir='ltr'><strong>et</strong></span> <span class='ocrx_word' id='word_1_225' title='bbox 1072 2819 1257 2888; x_wconf 79' lang='lat' dir='ltr'><strong>industriae</strong></span> 
     </span>
     <span class='ocr_line' id='line_1_31' title="bbox 144 2901 1257 2989; baseline 0.004 -23"><span class='ocrx_word' id='word_1_226' title='bbox 144 2901 272 2968; x_wconf 82' lang='lat' dir='ltr'><strong>illorum</strong></span> <span class='ocrx_word' id='word_1_227' title='bbox 302 2904 443 2969; x_wconf 79' lang='lat' dir='ltr'><strong>fructum</strong></span> <span class='ocrx_word' id='word_1_228' title='bbox 473 2904 565 2970; x_wconf 84' lang='lat' dir='ltr'><strong>brevi</strong></span> <span class='ocrx_word' id='word_1_229' title='bbox 595 2904 708 2970; x_wconf 84' lang='lat' dir='ltr'><strong>labore</strong></span> <span class='ocrx_word' id='word_1_230' title='bbox 734 2902 930 2989; x_wconf 83' lang='lat' dir='ltr'><strong>capiendum</strong></span> <span class='ocrx_word' id='word_1_231' title='bbox 960 2903 1144 2971; x_wconf 82' lang='lat' dir='ltr'><strong>lectoribus</strong></span> <span class='ocrx_word' id='word_1_232' title='bbox 1174 2907 1257 2970; x_wconf 77' lang='lat' dir='ltr'><strong>ode-</strong></span> 
     </span>
     <span class='ocr_line' id='line_1_32' title="bbox 143 2986 1257 3074; baseline 0.002 -22"><span class='ocrx_word' id='word_1_233' title='bbox 143 2992 235 3065; x_wconf 86' lang='lat' dir='ltr'><strong>runt,</strong></span> <span class='ocrx_word' id='word_1_234' title='bbox 263 2987 326 3054; x_wconf 89' lang='lat' dir='ltr'><strong>sed</strong></span> <span class='ocrx_word' id='word_1_235' title='bbox 356 2989 476 3066; x_wconf 85' lang='lat' dir='ltr'><strong>etium,</strong></span> <span class='ocrx_word' id='word_1_236' title='bbox 507 2986 594 3072; x_wconf 81' lang='lat' dir='ltr'><strong>qrrod</strong></span> <span class='ocrx_word' id='word_1_237' title='bbox 619 2989 720 3053; x_wconf 88' lang='lat' dir='ltr'><strong>multa</strong></span> <span class='ocrx_word' id='word_1_238' title='bbox 749 3007 791 3052; x_wconf 91' lang='lat' dir='ltr'><strong>ex</strong></span> <span class='ocrx_word' id='word_1_239' title='bbox 814 2988 958 3073; x_wconf 83' lang='lat' dir='ltr'><strong>antiquis</strong></span> <span class='ocrx_word' id='word_1_240' title='bbox 979 2989 1114 3074; x_wconf 85' lang='lat' dir='ltr'><strong>scriptis</strong></span> <span class='ocrx_word' id='word_1_241' title='bbox 1136 3009 1257 3054; x_wconf 78' lang='lat' dir='ltr'><strong>serva-</strong></span> 
     </span>
     <span class='ocr_line' id='line_1_33' title="bbox 143 3070 1257 3157; baseline 0.002 -21"><span class='ocrx_word' id='word_1_242' title='bbox 143 3079 239 3151; x_wconf 88' lang='lat' dir='ltr'><strong>runt,</strong></span> <span class='ocrx_word' id='word_1_243' title='bbox 260 3091 349 3138; x_wconf 89' lang='lat' dir='ltr'><strong>nuuc</strong></span> <span class='ocrx_word' id='word_1_244' title='bbox 370 3073 500 3137; x_wconf 87' lang='lat' dir='ltr'><strong>omnino</strong></span> <span class='ocrx_word' id='word_1_245' title='bbox 522 3070 725 3157; x_wconf 80' lang='lat' dir='ltr'><strong>deperditis,</strong></span> <span class='ocrx_word' id='word_1_246' title='bbox 753 3073 956 3156; x_wconf 78' lang='lat' dir='ltr'><strong>exquibus,</strong></span> <span class='ocrx_word' id='word_1_247' title='bbox 984 3075 1049 3138; x_wconf 87' lang='lat' dir='ltr'><strong>nisi</strong></span> <span class='ocrx_word' id='word_1_248' title='bbox 1077 3074 1109 3137; x_wconf 92' lang='lat' dir='ltr'><strong>in</strong></span> <span class='ocrx_word' id='word_1_249' title='bbox 1141 3071 1257 3156; x_wconf 83' lang='lat' dir='ltr'><strong>liujus-</strong></span> 
     </span>
     <span class='ocr_line' id='line_1_34' title="bbox 145 3154 1256 3232; baseline 0.004 -14"><span class='ocrx_word' id='word_1_250' title='bbox 145 3154 423 3223; x_wconf 81' lang='lat' dir='ltr'><strong>modiservatum</strong></span> <span class='ocrx_word' id='word_1_251' title='bbox 446 3155 747 3232; x_wconf 63' lang='lat' dir='ltr'><strong>suessionenis,</strong></span> <span class='ocrx_word' id='word_1_252' title='bbox 784 3155 863 3219; x_wconf 86' lang='lat' dir='ltr'><strong>uilril</strong></span> <span class='ocrx_word' id='word_1_253' title='bbox 887 3156 1018 3221; x_wconf 88' lang='lat' dir='ltr'><strong>omnino</strong></span> <span class='ocrx_word' id='word_1_254' title='bbox 1043 3156 1084 3220; x_wconf 88' lang='lat' dir='ltr'><strong>ad</strong></span> <span class='ocrx_word' id='word_1_255' title='bbox 1109 3165 1256 3223; x_wconf 88' lang='lat' dir='ltr'><strong>nostram</strong></span> 
     </span>
     <span class='ocr_line' id='line_1_35' title="bbox 147 3239 1259 3328; baseline 0.003 -24"><span class='ocrx_word' id='word_1_256' title='bbox 147 3246 292 3306; x_wconf 86' lang='lat' dir='ltr'><strong>aetatem</strong></span> <span class='ocrx_word' id='word_1_257' title='bbox 320 3241 541 3328; x_wconf 88' lang='lat' dir='ltr'><strong>pervenisset.</strong></span> <span class='ocrx_word' id='word_1_258' title='bbox 586 3240 704 3325; x_wconf 86' lang='lat' dir='ltr'><strong>Neque</strong></span> <span class='ocrx_word' id='word_1_259' title='bbox 733 3247 842 3304; x_wconf 89' lang='lat' dir='ltr'><strong>tamen</strong></span> <span class='ocrx_word' id='word_1_260' title='bbox 871 3239 969 3304; x_wconf 86' lang='lat' dir='ltr'><strong>nimia</strong></span> <span class='ocrx_word' id='word_1_261' title='bbox 990 3241 1152 3322; x_wconf 79' lang='lat' dir='ltr'><strong>ejusmodi</strong></span> <span class='ocrx_word' id='word_1_262' title='bbox 1175 3259 1259 3307; x_wconf 87' lang='lat' dir='ltr'><strong>een-</strong></span> 
     </span>
     <span class='ocr_line' id='line_1_36' title="bbox 146 3322 1259 3398; baseline 0.001 -12"><span class='ocrx_word' id='word_1_263' title='bbox 146 3330 257 3389; x_wconf 90' lang='lat' dir='ltr'><strong>touum</strong></span> <span class='ocrx_word' id='word_1_264' title='bbox 285 3324 629 3398; x_wconf 84' lang='lat' dir='ltr'><strong>consarcinatorilms,</strong></span> <span class='ocrx_word' id='word_1_265' title='bbox 663 3344 706 3390; x_wconf 82' lang='lat' dir='ltr'><strong>ex</strong></span> <span class='ocrx_word' id='word_1_266' title='bbox 743 3324 884 3390; x_wconf 81' lang='lat' dir='ltr'><strong>virornru</strong></span> <span class='ocrx_word' id='word_1_267' title='bbox 913 3322 1081 3390; x_wconf 83' lang='lat' dir='ltr'><strong>doctorum</strong></span> <span class='ocrx_word' id='word_1_268' title='bbox 1115 3325 1259 3389; x_wconf 87' lang='lat' dir='ltr'><strong>unanimi</strong></span> 
     </span>
     <span class='ocr_line' id='line_1_37' title="bbox 145 3407 1258 3494; baseline 0.001 -22"><span class='ocrx_word' id='word_1_269' title='bbox 145 3425 316 3474; x_wconf 81' lang='lat' dir='ltr'><strong>consensu</strong></span> <span class='ocrx_word' id='word_1_270' title='bbox 335 3410 389 3485; x_wconf 75' lang='lat'><strong>*⁸)</strong></span> <span class='ocrx_word' id='word_1_271' title='bbox 412 3408 497 3476; x_wconf 86' lang='lat' dir='ltr'><strong>tides</strong></span> <span class='ocrx_word' id='word_1_272' title='bbox 519 3408 675 3475; x_wconf 87' lang='lat' dir='ltr'><strong>habenda</strong></span> <span class='ocrx_word' id='word_1_273' title='bbox 695 3415 765 3487; x_wconf 89' lang='lat' dir='ltr'><strong>est,</strong></span> <span class='ocrx_word' id='word_1_274' title='bbox 794 3407 989 3494; x_wconf 85' lang='lat' dir='ltr'><strong>praesertim</strong></span> <span class='ocrx_word' id='word_1_275' title='bbox 1013 3408 1170 3488; x_wconf 84' lang='lat' dir='ltr'><strong>Graecis,</strong></span> <span class='ocrx_word' id='word_1_276' title='bbox 1203 3409 1258 3494; x_wconf 85' lang='lat' dir='ltr'><strong>qui</strong></span> 
     </span>
    </p>
   </div>
   <div class='ocr_carea' id='block_1_4' title="bbox 197 3685 1257 4242">
    <p class='ocr_par' dir='ltr' id='par_1_4' title="bbox 197 3685 1257 4242">
     <span class='ocr_line' id='line_1_38' title="bbox 197 3685 1256 3774; baseline 0.004 -32"><span class='ocrx_word' id='word_1_277' title='bbox 197 3685 227 3750; x_wconf 73' lang='lat'><strong>¹¹)</strong></span> <span class='ocrx_word' id='word_1_278' title='bbox 245 3691 369 3746; x_wconf 75' lang='lat' dir='ltr'><strong>Catenae</strong></span> <span class='ocrx_word' id='word_1_279' title='bbox 393 3698 529 3750; x_wconf 72' lang='lat' dir='ltr'><strong>vumtulo</strong></span> <span class='ocrx_word' id='word_1_280' title='bbox 553 3699 658 3759; x_wconf 82' lang='lat' dir='ltr'><strong>primus</strong></span> <span class='ocrx_word' id='word_1_281' title='bbox 682 3698 733 3746; x_wconf 81' lang='lat' dir='ltr'><strong>noe</strong></span> <span class='ocrx_word' id='word_1_282' title='bbox 756 3708 840 3746; x_wconf 80' lang='lat' dir='ltr'><strong>seusu</strong></span> <span class='ocrx_word' id='word_1_283' title='bbox 867 3708 932 3746; x_wconf 83' lang='lat' dir='ltr'><strong>usus</strong></span> <span class='ocrx_word' id='word_1_284' title='bbox 956 3709 1026 3774; x_wconf 45' lang='lat' dir='ltr'><strong>esse·</strong></span> <span class='ocrx_word' id='word_1_285' title='bbox 1043 3697 1204 3758; x_wconf 80' lang='lat' dir='ltr'><strong>pertinetur</strong></span> <span class='ocrx_word' id='word_1_286' title='bbox 1221 3709 1256 3746; x_wconf 85' lang='lat' dir='ltr'><strong>ex</strong></span> 
     </span>
     <span class='ocr_line' id='line_1_39' title="bbox 249 3765 1257 3832; baseline 0.004 -20"><span class='ocrx_word' id='word_1_287' title='bbox 249 3765 357 3831; x_wconf 64' lang='lat' dir='ltr'><strong>motuis</strong></span> <span class='ocrx_word' id='word_1_288' title='bbox 374 3769 404 3814; x_wconf 72' lang='grc' dir='ltr'><strong>ε.</strong></span> <span class='ocrx_word' id='word_1_289' title='bbox 423 3769 538 3818; x_wconf 73' lang='lat' dir='ltr'><strong>&#39;thomas</strong></span> <span class='ocrx_word' id='word_1_290' title='bbox 556 3770 697 3832; x_wconf 73' lang='lat' dir='ltr'><strong>Aquinas,</strong></span> <span class='ocrx_word' id='word_1_291' title='bbox 724 3767 826 3817; x_wconf 76' lang='lat' dir='ltr'><strong>eraset</strong></span> <span class='ocrx_word' id='word_1_292' title='bbox 850 3770 956 3828; x_wconf 81' lang='lat' dir='ltr'><strong>scripta</strong></span> <span class='ocrx_word' id='word_1_293' title='bbox 980 3769 1132 3830; x_wconf 66' lang='lat' dir='ltr'><strong>hujusmodl</strong></span> <span class='ocrx_word' id='word_1_294' title='bbox 1158 3773 1257 3816; x_wconf 85' lang='lat' dir='ltr'><strong>vocant</strong></span> 
     </span>
     <span class='ocr_line' id='line_1_40' title="bbox 247 3829 1257 3903; baseline 0.005 -26"><span class='ocrx_word' id='word_1_295' title='bbox 247 3829 394 3900; x_wconf 71' lang='grc' dir='ltr'><em>Ἐπιτομιὶς</em></span> <span class='ocrx_word' id='word_1_296' title='bbox 412 3829 566 3902; x_wconf 72' lang='grc' dir='ltr'><em>ἑρμηνειιῦν</em></span> <span class='ocrx_word' id='word_1_297' title='bbox 583 3841 645 3888; x_wconf 82' lang='lat' dir='ltr'><strong>slve</strong></span> <span class='ocrx_word' id='word_1_298' title='bbox 665 3829 811 3903; x_wconf 66' lang='grc' dir='ltr'><strong>ἑρμηνέων</strong></span> <span class='ocrx_word' id='word_1_299' title='bbox 829 3837 1080 3903; x_wconf 57' lang='lat' dir='ltr'><strong>conspumationem</strong></span> <span class='ocrx_word' id='word_1_300' title='bbox 1089 3839 1151 3886; x_wconf 87' lang='lat' dir='ltr'><strong>slve</strong></span> <span class='ocrx_word' id='word_1_301' title='bbox 1160 3831 1257 3899; x_wconf 70' lang='grc' dir='ltr'>ἐξήγη-</span> 
     </span>
     <span class='ocr_line' id='line_1_41' title="bbox 251 3901 1257 3974; baseline 0.004 -22"><span class='ocrx_word' id='word_1_302' title='bbox 251 3913 298 3952; x_wconf 84' lang='grc' dir='ltr'><strong>σιν</strong></span> <span class='ocrx_word' id='word_1_303' title='bbox 315 3901 502 3970; x_wconf 75' lang='lat' dir='ltr'><strong>uoltrpstuuv</strong></span> <span class='ocrx_word' id='word_1_304' title='bbox 519 3901 551 3954; x_wconf 80' lang='grc' dir='ltr'><strong>ἐκ</strong></span> <span class='ocrx_word' id='word_1_305' title='bbox 569 3903 709 3972; x_wconf 59' lang='lat' dir='ltr'><strong>deceptor</strong></span> <span class='ocrx_word' id='word_1_306' title='bbox 723 3905 867 3974; x_wconf 68' lang='lat' dir='ltr'><strong>tlartpuui</strong></span> <span class='ocrx_word' id='word_1_307' title='bbox 888 3921 938 3960; x_wconf 91' lang='lat' dir='ltr'><strong>non</strong></span> <span class='ocrx_word' id='word_1_308' title='bbox 959 3909 1077 3958; x_wconf 78' lang='lat' dir='ltr'><strong>absurde</strong></span> <span class='ocrx_word' id='word_1_309' title='bbox 1096 3913 1186 3958; x_wconf 83' lang='lat' dir='ltr'><strong>autern</strong></span> <span class='ocrx_word' id='word_1_310' title='bbox 1197 3906 1257 3956; x_wconf 82' lang='lat' dir='ltr'><strong>Ca-</strong></span> 
     </span>
     <span class='ocr_line' id='line_1_42' title="bbox 248 3979 1257 4042; baseline -0.002 -18"><span class='ocrx_word' id='word_1_311' title='bbox 248 3980 331 4026; x_wconf 79' lang='lat' dir='ltr'><strong>tenae</strong></span> <span class='ocrx_word' id='word_1_312' title='bbox 350 3979 512 4030; x_wconf 81' lang='lat' dir='ltr'><strong>vocabulum</strong></span> <span class='ocrx_word' id='word_1_313' title='bbox 532 3980 607 4028; x_wconf 83' lang='lat' dir='ltr'><strong>lrlsce</strong></span> <span class='ocrx_word' id='word_1_314' title='bbox 624 3981 737 4042; x_wconf 82' lang='lat' dir='ltr'><strong>scriptis</strong></span> <span class='ocrx_word' id='word_1_315' title='bbox 755 3981 924 4040; x_wconf 86' lang='lat' dir='ltr'><strong>apptteutur,</strong></span> <span class='ocrx_word' id='word_1_316' title='bbox 945 3983 1088 4042; x_wconf 74' lang='lat' dir='ltr'><strong>quioniam.</strong></span> <span class='ocrx_word' id='word_1_317' title='bbox 1107 3985 1138 4028; x_wconf 90' lang='lat' dir='ltr'><strong>ut</strong></span> <span class='ocrx_word' id='word_1_318' title='bbox 1156 3982 1257 4028; x_wconf 84' lang='lat' dir='ltr'><strong>eatena</strong></span> 
     </span>
     <span class='ocr_line' id='line_1_43' title="bbox 249 4047 1256 4111; baseline 0 -17"><span class='ocrx_word' id='word_1_319' title='bbox 249 4058 286 4095; x_wconf 84' lang='lat' dir='ltr'><strong>ex</strong></span> <span class='ocrx_word' id='word_1_320' title='bbox 304 4047 431 4107; x_wconf 76' lang='lat' dir='ltr'><strong>pluitans</strong></span> <span class='ocrx_word' id='word_1_321' title='bbox 448 4053 559 4098; x_wconf 77' lang='lat' dir='ltr'><strong>constat</strong></span> <span class='ocrx_word' id='word_1_322' title='bbox 576 4051 688 4100; x_wconf 83' lang='lat' dir='ltr'><strong>annulis</strong></span> <span class='ocrx_word' id='word_1_323' title='bbox 707 4051 781 4100; x_wconf 83' lang='lat' dir='ltr'><strong>tuter</strong></span> <span class='ocrx_word' id='word_1_324' title='bbox 798 4062 830 4098; x_wconf 86' lang='lat' dir='ltr'><strong>se</strong></span> <span class='ocrx_word' id='word_1_325' title='bbox 848 4053 994 4111; x_wconf 75' lang='lat' dir='ltr'><strong>connexis,</strong></span> <span class='ocrx_word' id='word_1_326' title='bbox 1017 4055 1060 4100; x_wconf 87' lang='lat' dir='ltr'><strong>ste</strong></span> <span class='ocrx_word' id='word_1_327' title='bbox 1085 4051 1150 4099; x_wconf 81' lang='lat' dir='ltr'><strong>tltao</strong></span> <span class='ocrx_word' id='word_1_328' title='bbox 1169 4057 1256 4103; x_wconf 76' lang='lat' dir='ltr'><strong>exiro-</strong></span> 
     </span>
     <span class='ocr_line' id='line_1_44' title="bbox 246 4117 1257 4182; baseline 0 -16"><span class='ocrx_word' id='word_1_329' title='bbox 246 4119 377 4168; x_wconf 77' lang='lat' dir='ltr'><strong>sotionem</strong></span> <span class='ocrx_word' id='word_1_330' title='bbox 403 4119 537 4169; x_wconf 79' lang='lat' dir='ltr'><strong>libroruin</strong></span> <span class='ocrx_word' id='word_1_331' title='bbox 563 4132 702 4170; x_wconf 79' lang='lat' dir='ltr'><strong>sacrorum</strong></span> <span class='ocrx_word' id='word_1_332' title='bbox 729 4131 763 4168; x_wconf 82' lang='lat' dir='ltr'><strong>ex</strong></span> <span class='ocrx_word' id='word_1_333' title='bbox 794 4121 912 4181; x_wconf 66' lang='lat' dir='ltr'><strong>potorium</strong></span> <span class='ocrx_word' id='word_1_334' title='bbox 936 4123 1102 4182; x_wconf 76' lang='lat' dir='ltr'><strong>scriptorum</strong></span> <span class='ocrx_word' id='word_1_335' title='bbox 1128 4117 1257 4177; x_wconf 80' lang='lat' dir='ltr'><strong>cogitatis</strong></span> 
     </span>
     <span class='ocr_line' id='line_1_45' title="bbox 249 4189 560 4242; baseline 0.003 -5"><span class='ocrx_word' id='word_1_336' title='bbox 249 4193 411 4242; x_wconf 81' lang='lat' dir='ltr'><strong>contextam</strong></span> <span class='ocrx_word' id='word_1_337' title='bbox 429 4189 560 4240; x_wconf 76' lang='lat' dir='ltr'><strong>oderunt.</strong></span> 
     </span>
    </p>
   </div>
   <div class='ocr_carea' id='block_1_5' title="bbox 165 4277 1256 4423">
    <p class='ocr_par' dir='ltr' id='par_1_5' title="bbox 165 4277 1256 4423">
     <span class='ocr_line' id='line_1_46' title="bbox 165 4277 1256 4349; baseline -0.019 -8"><span class='ocrx_word' id='word_1_338' title='bbox 165 4277 227 4340; x_wconf 53' lang='grc' dir='ltr'><strong>’Ἢ</strong></span> <span class='ocrx_word' id='word_1_339' title='bbox 244 4285 341 4336; x_wconf 84' lang='lat' dir='ltr'><strong>ttuettt</strong></span> <span class='ocrx_word' id='word_1_340' title='bbox 361 4287 454 4336; x_wconf 77' lang='lat' dir='ltr'><strong>Prael-</strong></span> <span class='ocrx_word' id='word_1_341' title='bbox 474 4291 508 4338; x_wconf 82' lang='lat' dir='ltr'><strong>ert</strong></span> <span class='ocrx_word' id='word_1_342' title='bbox 528 4288 643 4349; x_wconf 74' lang='lat' dir='ltr'><strong>origen·</strong></span> <span class='ocrx_word' id='word_1_343' title='bbox 664 4301 689 4347; x_wconf 85' lang='lat' dir='ltr'><strong>p·</strong></span> <span class='ocrx_word' id='word_1_344' title='bbox 715 4287 755 4335; x_wconf 78' lang='lat' dir='ltr'><strong>ltl.</strong></span> <span class='ocrx_word' id='word_1_345' title='bbox 803 4289 843 4334; x_wconf 82' lang='lat' dir='ltr'><strong>lla</strong></span> <span class='ocrx_word' id='word_1_346' title='bbox 862 4291 942 4334; x_wconf 86' lang='lat' dir='ltr'><strong>ellam</strong></span> <span class='ocrx_word' id='word_1_347' title='bbox 963 4287 1155 4334; x_wconf 16' lang='lat' dir='ltr'><strong>Montwl&#39;nneon,</strong></span> <span class='ocrx_word' id='word_1_348' title='bbox 1182 4279 1256 4324; x_wconf 84' lang='lat' dir='ltr'><strong>lllns.</strong></span> 
     </span>
     <span class='ocr_line' id='line_1_47' title="bbox 251 4347 1255 4423; baseline -0.007 -20"><span class='ocrx_word' id='word_1_349' title='bbox 251 4359 327 4420; x_wconf 82' lang='lat' dir='ltr'><strong>suet,</strong></span> <span class='ocrx_word' id='word_1_350' title='bbox 347 4357 428 4408; x_wconf 76' lang='lat' dir='ltr'><strong>ltlett·</strong></span> <span class='ocrx_word' id='word_1_351' title='bbox 445 4360 554 4423; x_wconf 76' lang='lat' dir='ltr'><strong>simon,</strong></span> <span class='ocrx_word' id='word_1_352' title='bbox 571 4355 813 4420; x_wconf 56' lang='lat' dir='ltr'><strong>Gratesttatlet,</strong></span> <span class='ocrx_word' id='word_1_353' title='bbox 833 4355 999 4406; x_wconf 76' lang='lat' dir='ltr'><strong>(lallandtes</strong></span> <span class='ocrx_word' id='word_1_354' title='bbox 1018 4349 1109 4400; x_wconf 73' lang='lat' dir='ltr'><strong>Praet-</strong></span> <span class='ocrx_word' id='word_1_355' title='bbox 1128 4347 1255 4409; x_wconf 83' lang='lat' dir='ltr'><strong>generat.</strong></span> 
     </span>
    </p>
   </div>
   <div class='ocr_carea' id='block_1_6' title="bbox 0 0 1448 4660">
    <p class='ocr_par' dir='ltr' id='par_1_6' title="bbox 0 0 1448 4660">
     <span class='ocr_line' id='line_1_48' title="bbox 0 0 1448 4660; baseline 0 0"><span class='ocrx_word' id='word_1_356' title='bbox 0 0 1448 4660; x_wconf 95' lang='lat' dir='ltr'><strong> </strong></span> 
     </span>
    </p>
   </div>
  </div>
 </body>
</html>
