2948 4662
1217 319 1280 386 226

172 484 284 552 odium
309 481 406 550 Decii
436 484 468 548 in
491 480 677 570 Philippum
699 488 734 548 et
755 483 978 552 Romanarum
1000 485 1281 570 superstitionum,

192 589 306 634 irarum
330 567 433 632 ruinis
456 565 670 635 christianam
688 566 886 652 religionem
913 571 1100 657 superstrui
1129 570 1280 651 videbat,

166 591 383 720 desiderium.
442 651 527 717 Tum
570 669 651 718 vero
687 653 800 717 statim
842 651 1029 750 Cyprianus
1069 651 1278 742 Carthagine

166 737 340 822 quaesitas
361 733 530 830 etpopuli
550 735 749 802 elamoribus
771 737 817 802 ali
838 746 949 802 wacuties
970 738 1138 824 expetitus
1159 745 1224 818 est,
1238 748 1277 814 ¹ut

166 822 320 888 leonibus
342 819 559 907 objiceretur3
581 837 698 886 verum
719 819 793 886 isa
860 839 880 885 o
898 823 1014 904 jussus
1036 821 1068 888 io
1089 822 1196 888 locum
1218 824 1277 890 ab·

170 907 273 972 ditum
294 903 453 980 secessit,
475 903 599 970 idcireo
623 905 828 989 proscriptus
852 911 1007 991 tanqaam
1019 905 1195 973 Ecclesiae
1209 905 1280 973 Ca-

168 989 314 1055 tholicae
335 986 525 1072 Episcopus
546 989 595 1062 *).
638 987 763 1054 Habuit
785 987 870 1054 haec
893 991 1081 1076 persecutio
1102 989 1182 1056 illud
1205 992 1280 1057 ain-·

167 1073 305 1162 gulare,
334 1081 370 1136 at
398 1089 512 1138 omnes
541 1072 670 1138 omniuo
692 1070 904 1139 Christianos
925 1075 1045 1139 saltem
1067 1069 1276 1163 thspins

168 1154 484 1242 comprehenderet,
516 1173 581 1222 nee
610 1156 782 1244 qumquam
814 1175 857 1223 ex
888 1175 948 1232 ea,
981 1158 1047 1224 nisi
1068 1166 1128 1223 aui
1147 1157 1276 1226 Christi

166 1243 344 1308 confessor
364 1239 538 1327 egregius,
560 1245 619 1306 aut
638 1240 889 1306 simulacrorum
905 1241 1052 1324 pertidus
1065 1242 1171 1307 cultor
1183 1240 1277 1330 (lap-

166 1319 253 1476 aa
272 1323 339 1475 a
354 1323 1275 1494 escurialensi,ariao-,arar
1368 1357 1374 1375 ·

166 1495 311 1560 iniectos
333 1429 368 1558 ἒ)
389 1491 582 1559 debilitatos
603 1491 690 1558 adeo
711 1493 898 1573 concussit,
925 1499 963 1558 ut
982 1498 1049 1559 tom
1069 1491 1193 1560 Cartha
1225 1493 1277 1562 'ue

168 1595 294 1666 magna
314 1574 457 1642 fidelium
480 1597 560 1661 pars
589 1595 611 1641 a
632 1577 699 1642 hde
726 1576 886 1643 deiiceret
906 1576 1141 1661 Christumque
1168 1595 1191 1642 a
1214 1596 1277 1646 nc·
1386 1597 1415 1654 ·-,

168 1669 285 1751 garet,
318 1667 385 1726 inm
418 1667 453 1726 et
479 1661 600 1746 ubique
633 1660 704 1727 tere
737 1668 898 1728 terrarum
924 1680 982 1730 res
1013 1659 1275 1730 Christianorum

170 1747 292 1812 misere
314 1749 503 1829 prostratae
521 1747 675 1827 jacerent
692 1747 780 1824 m).
824 1745 888 1810 llis
909 1744 940 1809 in
970 1763 1077 1811 rerum
1107 1744 1277 1830 angustiis

169 1829 361 1915 Cyprianus
381 1829 432 1895 aio
462 1828 584 1909 abluit,
619 1833 656 1895 ut
683 1830 791 1896 animo
827 1834 864 1895 et
887 1827 1099 1895 solicitudine
1126 1829 1278 1896 omnihus

169 1914 269 1980 rebus
290 1913 487 1993 interesset,
515 1931 578 1978 neo
604 1913 691 1979 ullas
712 1911 871 1999 Episcopi
901 1919 1015 1997 partes
1037 1913 1279 1999 praetermitte·

169 2005 231 2063 rei.
257 1995 444 2062 Discedens
467 1997 619 2063 omnihus
640 1997 740 2064 rebus
762 1997 967 2083 providerat,
989 1997 1164 2084 pecuniam
1186 1994 1276 2083 apud

168 2079 321 2148 Clericus
342 2079 569 2160 distribuerat,
591 2085 627 2146 ut
648 2080 810 2147 haherent
830 2082 954 2168 plures,
976 2079 1065 2146 unde
1088 2079 1133 2147 ad
1153 2097 1276 2146 neres·

168 2167 286 2232 sitatea
307 2171 343 2231 et
364 2181 542 2253 pressuras
561 2165 613 2231 siu
644 2165 768 2231 olorum
789 2164 920 2252 operari
947 2170 1087 2252 possent
1120 2161 1209 2254 (ep.
1242 2165 1275 2230 d.

168 2253 200 2316 d.
219 2257 255 2317 et
275 2252 327 2316 86.
361 2269 372 2332 3
395 2249 428 2315 in
450 2265 591 2316 secessu
613 2183 699 2315 {aad
724 2268 798 2315 raro
820 2256 936 2316 coetus
958 2250 1099 2350 collegit
1119 2255 1155 2316 et
1176 2249 1275 2315 obtu-

168 2333 207 2401 lit
229 2335 318 2400 sacri
344 2332 486 2422 eiatep.
512 2337 563 2398 15.
586 2347 621 2400 et
641 2327 738 2421 3⁷03
760 2335 896 2482 insuper
917 2334 1087 2422 ablegatis
1106 2333 1275 2420 episcopis

169 2419 258 2494 aliis,
279 2418 507 2504 ordinatisque
527 2418 737 2504 presbyteris
759 2425 794 2485 ct
815 2418 947 2484 cericis
979 2418 1184 2484 indefessam
1214 2435 1276 2482 ec-

170 2503 296 2568 clesiae
320 2521 402 2568 suae
423 2519 534 2568 coram
556 2501 669 2568 habuit
692 2497 771 2591 (ep.
792 2503 845 2567 33.
867 2503 919 2567 bt.
942 2504 994 2566 35.
1017 2507 1053 2564 ei
1082 2498 1180 2583 3833
1213 2497 1276 2566 de-

170 2587 270 2670 niqae
293 2586 336 2653 de
357 2587 525 2664 omnihus,
554 2604 642 2672 quae
664 2585 871 2683 Carthagine
901 2585 975 2670 ipso
1003 2584 1144 2649 ahsente
1172 2589 1274 2671 gesta
1339 2591 1342 2596 ·
1469 2627 1470 2634 .

169 2671 330 2749 tuissent,
359 2671 447 2737 illico
475 2672 595 2738 certior
620 2671 747 2746 tactus,
775 2669 856 2735 nihii
884 2668 1016 2734 interim
1037 2668 1162 2741 omisit,
1189 2663 1276 2752 quod

168 2755 211 2822 ad
235 2775 401 2841 pauperes
423 2754 665 2832 sublevandos,
688 2752 732 2820 ad
755 2754 967 2820 confessores
989 2750 1212 2818 cohortandos
1234 2767 1276 2816 ae

167 2841 329 2906 interdum
352 2841 451 2906 etiarn
475 2839 706 2928 castigandos,
728 2839 768 2905 ad
792 2840 959 2922 lapsorum
981 2838 1095 2902 rrrinas
1114 2853 1277 2923 reparan-

169 2925 248 3001 das,
282 2924 324 2990 ad
351 2924 551 3012 disciplinae
573 2925 840 2990 observationem
868 2929 903 2988 et
925 2920 1098 2988 Ecclesiae
1119 2917 1277 3006 pacifica·

169 3010 290 3074 tionem
316 3011 498 3093 pertineret
530 3005 612 3097 (ep.
640 3002 729 3096 lt).
774 3007 1022 3072 Persecutionis
1044 3005 1145 3070 sorori
1169 3021 1278 3070 novae

167 3101 387 3158 accesserunt
415 3094 550 3172 turbae,
578 3113 649 3158 cum
677 3091 809 3158 seilicet
838 3091 1003 3175 lapsorum
1029 3090 1179 3174 permulti
1200 3105 1277 3154 mox

224 3379 255 3443 *i
274 3387 339 3437 via.
357 3399 403 3451 ep.
424 3389 451 3440 5.
470 3387 511 3453 (p.
529 3387 583 3454 ta.)
602 3402 647 3454 ep.
670 3387 713 3442 ri.
731 3389 772 3452 (a.
793 3387 853 3446 ia.)
871 3401 916 3451 cp.
935 3385 979 3438 ⁵5·
1000 3385 1042 3448 to.
1064 3377 1211 3440 iao-io.)
1229 3393 1275 3444 aa·

281 3457 326 3510 69.
345 3461 386 3521 (p.
398 3458 476 3516 218.)
494 3473 539 3522 ep·
558 3460 585 3512 9.
605 3463 644 3524 tp.
656 3459 714 3518 ab.)
733 3459 819 3510 Porri.
837 3473 866 3508 a.
887 3461 912 3511 7.
933 3463 962 3507 et
978 3453 1023 3514 8.,
1039 3457 1087 3518 qut
1104 3465 1139 3503 ex
1158 3452 1281 3514 professo

282 3525 345 3591 ejus
363 3531 456 3594 lugam
476 3535 503 3581 in
523 3535 719 3593 persecutione
738 3533 875 3582 delendtt,
911 3529 1039 3578 Ceterum
1059 3537 1139 3588 quarn
1159 3525 1281 3572 terrenti

278 3601 337 3660 ipse
355 3602 494 3652 desiderio
512 3605 691 3654 anhelaverit
708 3603 881 3663 martyrium,
900 3601 969 3648 satia
987 3598 1110 3646 ostendit
1127 3591 1208 3657 epil.
1227 3603 1281 3644 neo

278 3680 330 3720 nou
348 3683 392 3732 ep.
411 3670 458 3724 37.

210 3759 253 3826 ”i
271 3765 438 3820 Libellutr'cr'
463 3776 613 3830 vocantur,
639 3775 685 3834 qui
710 3769 872 3819 securitatis
896 3765 1008 3816 libellos
1032 3776 1049 3814 a
1074 3762 1282 3826 magistratibus

281 3840 500 3900 impetrauerant
517 3854 552 3892 ea
572 3842 636 3906 lega
655 3845 683 3891 et
701 3841 872 3900 conditione,
890 3842 920 3886 ut
939 3840 967 3884 in
987 3839 1057 3884 actia
1075 3834 1206 3895 puhlicis,
1223 3832 1282 3881 tor-

279 3914 354 3959 tasse
373 3914 459 3960 etium
479 3915 506 3961 io
533 3915 602 3973 ipsis
627 3912 748 3970 libellis,
772 3909 961 3966 scriberetur,
987 3918 1032 3954 eoa
1056 3903 1228 3954 sacrificasse
1253 3905 1283 3950 et

277 3977 416 4030 christum
435 3993 568 4044 negasse,
587 3985 712 4046 quamvis
731 3984 858 4030 neutrum
877 3987 974 4028 reuera
987 3976 1196 4024 commisissent.
1217 3972 1282 4021 viil.

282 4060 327 4109 θΡο
346 4049 392 4100 31·
412 4050 454 4112 (βο
474 4050 604 4110 75“76ο)
622 4057 651 4102 eh
669 4064 713 4114 01)-
733 4049 778 4104 520
797 4051 839 4112 (pt
861 4043 1016 4104 ¹23-2⁴⁰)·
1054 4044 1098 4096 (κ’
1119 4043 1202 4094 prum
1221 4041 1283 4089 Mn·
1310 4049 1313 4056 Ι

279 4122 342 4168 ml!
362 4121 430 4169 vna
448 4122 478 4169 ⁸0
496 4121 628 4184 cyprian!
646 4135 675 4172 ns
696 4122 745 4171 Vl·

196 4201 1283 4282 *mmmmwmmmfflwmemmmmm

281 4282 326 4336 fii.
348 4289 376 4336 et
395 4283 457 4350 64.)
475 4299 520 4351 ep.
539 4289 585 4342 31·
604 4285 645 4352 (p.
665 4285 794 4344 ii-iti·
991 4345 1032 4412 18
1048 4341 1077 4398 ἤ
