2948 4662
1174 311 1237 377 att

120 483 225 568 Jorus
246 485 303 547 est
323 477 570 548 eruditissimus
590 485 625 544 et
645 477 837 562 satyricus,
862 484 917 545 ast
938 497 1095 565 perquam
1117 477 1240 545 obscu-

123 588 185 634 rus
208 573 247 632 et
269 565 394 630 nullius
416 565 488 630 fere
511 567 542 628 in
564 563 750 650 Theologia
773 564 937 630 utilitatis.

212 677 258 742 V.
291 675 419 740 Ultimo
440 673 583 759 denique
604 676 678 739 loco
701 675 896 740 collocanda
918 671 1129 761 suntllperu,
1152 690 1238 756 quae

122 761 203 829 ideo
234 760 342 826 solum
374 757 536 833 confecit,
558 769 593 822 ut
621 759 802 844 praecipua
834 765 950 825 sectae
977 758 1239 824 Montanisticae

123 863 242 948 capita
265 869 464 948 proponeret
493 865 527 923 et
557 859 766 925 defenderet.
809 861 884 925 lluc
907 859 1051 944 pertinet
1083 860 1166 926 liber
1192 844 1240 918 de

124 956 228 1050 sapa
253 953 295 1020 itt
319 951 594 1045 persecutione,
617 981 713 1046 quarn
738 961 852 1026 diviua
874 962 952 1049 lege
968 962 1113 1049 illicitam
1128 968 1239 1046 putat,

124 1053 228 1128 tiber
251 1049 299 1123 de
317 1051 498 1147 jojmtiia
530 1083 616 1148 quac
651 1063 888 1131 Montunistico
927 1067 1038 1152 rigore
1073 1063 1241 1150 praescri-

123 1169 192 1252 lu't3
226 1151 324 1226 liber
356 1153 405 1226 do
440 1156 675 1248 munopumia
705 1172 743 1232 et
769 1168 855 1232 alius
885 1151 933 1226 de
972 1153 1238 1226 dehortatione

122 1260 334 1340 castitatis,
357 1271 389 1333 in
412 1268 533 1352 quibus
559 1267 728 1334 secundas
756 1268 910 1335 absolute
940 1269 1075 1335 damnat
1105 1269 1241 1353 nuptias

124 1377 161 1438 nt
183 1371 440 1446 fornicationem
464 1377 498 1435 ct
520 1367 732 1455 adulterium3
754 1353 850 1430 liber
875 1355 923 1430 dc
947 1355 1150 1456 pudicitia,
1175 1387 1238 1456 quo

123 1464 245 1522 contra
267 1455 454 1521 Ecclesiam
477 1454 618 1540 probare
642 1461 796 1532 conatur,
819 1455 927 1520 eidem
951 1475 1014 1521 uon
1047 1461 1238 1539 competere

123 1547 329 1627 potestatem
363 1536 551 1604 remittendi
581 1547 720 1622 peccata
753 1539 982 1606 fornicationis
1004 1543 1039 1606 et
1061 1537 1238 1612 adulterim

124 1641 273 1726 denique
302 1624 400 1702 liber
426 1625 475 1699 dc
509 1625 682 1700 velandis
708 1625 931 1723 viminibus,
962 1661 1026 1728 quo
1057 1641 1172 1718 ritum,
1203 1646 1239 1704 ut

122 1727 281 1813 uirgines
303 1725 336 1792 in
360 1724 508 1793 ecclesia
538 1727 651 1790 velato
681 1728 791 1812 capite
823 1731 1041 1810 apparerent,
1070 1731 1238 1810 tamquam
1331 1763 1337 1780 ι

121 1816 342 1896 praeceptum
365 1809 533 1876 Paracleti
554 1810 721 1876 mordicus
744 1810 907 1876 defendit.
930 1812 962 1890 *J

211 1921 440 1987 Tertullianus
463 1921 551 1987 acris
573 1927 608 1986 et
630 1921 718 1986 acuti
747 1929 822 1987 erat
849 1921 993 2010 ingenii,
1022 1917 1065 1984 ad
1096 1917 1240 1984 miracu·

121 2007 190 2072 lun
214 2025 319 2092 usque
341 2005 502 2084 eruditus,
523 2012 558 2072 et
580 2005 713 2073 ardeus.
737 2005 949 2092 lmnginandi
972 2005 1025 2071 vis
1049 2005 1159 2089 ampla
1181 2011 1237 2066 at-

120 2111 188 2176 que
211 2097 381 2176 prognota
402 2091 482 2156 inde
504 2090 632 2180 ingenii
656 2091 790 2156 ubertus
812 2109 852 2156 se
876 2089 1018 2174 undique
1042 2108 1100 2174 per
1122 2088 1240 2172 empui-

119 2176 211 2242 situs
234 2177 479 2263 cogitationes,
508 2183 625 2241 acutas
654 2176 859 2254 sententias,
890 2176 1056 2258 imagines
1086 2173 1236 2238 muccis-

120 2261 249 2339 sinas,
288 2280 331 2356 ‚er
353 2260 498 2326 festinos
520 2260 613 2324 sales
634 2265 670 2325 et
690 2259 862 2326 mordaces
883 2260 1133 2333 emulationes,
1164 2278 1236 2322 orn-

119 2363 238 2430 ueqne
261 2281 415 2410 dictionis
438 2363 549 2430 genus
570 2341 775 2422 diffunduntt
798 2344 851 2409 luis
874 2344 1090 2410 facultatibus
1117 2343 1237 2424 ruptim

120 2437 157 2494 et
198 2428 411 2493 tumultuarie
448 2429 616 2494 multoties
652 2428 792 2514 agitatis
827 2426 986 2508 judicium
1026 2445 1089 2491 non
1133 2424 1236 2488 semel

120 2509 1074 2680 matta*,ttltttat‘afflttltrululata
1092 2506 1239 2654 *lma

276 2641 285 2672 ,
1229 2633 1237 2651 .

120 2680 271 2746 Praeter
298 2679 489 2746 facilitatem
521 2680 705 2764 quibusque
736 2676 995 2743 narratiunculis
1030 2672 1238 2741 assentiendi

120 2763 217 2830 haud
239 2764 467 2850 infrequenter
495 2783 551 2830 res
580 2766 612 2830 in
637 2765 743 2846 majus
765 2761 935 2828 efferendo
958 2771 1015 2826 aut
1038 2761 1136 2844 plane
1157 2776 1238 2824 cou-

120 2847 286 2934 tingendo
309 2847 551 2927 hallucinatur,
580 2850 696 2933 sicque
718 2849 876 2914 lectorem
899 2849 974 2930 ipse
996 2847 1156 2928 abreptus
1177 2861 1237 2906 se·

120 2951 198 2998 eum
229 2934 323 3017 rapit
344 2935 470 3017 potius,
500 2949 596 3016 ‹puorn
624 2932 753 2999 ratione
782 2933 825 2997 ad
853 2951 935 2998 snas
964 2939 1076 3016 partes
1100 2928 1238 3004 invitate

118 3017 154 3082 in
178 3019 283 3082 relies
305 3017 667 3115 minimis'quandoquc
687 3016 881 3115 exardescit
907 3022 941 3082 et
967 3017 1070 3080 multa
1093 3013 1239 3110 duriora,

120 3101 768 3252 atttrt'tt‘ullmt0'ttttltt
786 3095 1237 3275 tttttttlt‘statut

122 3268 187 3364 dis·
205 3271 382 3364 acerrimus
405 3279 480 3345 est,
512 3276 612 3355 atque
635 3271 747 3334 innato
770 3287 829 3362 eos
852 3267 952 3330 animi
975 3269 1116 3360 impetu,
1144 3279 1239 3343 capr-

123 3353 187 3416 talr
221 3354 310 3432 odio,
342 3355 492 3420 dicteriis
522 3362 556 3418 ct
583 3353 769 3440 opprobriis
799 3351 929 3417 liberali
959 3349 1090 3414 homme
1122 3365 1235 3431 parurn

121 3435 243 3522 dignis
266 3439 487 3524 persequitur.
513 3437 552 3502 ln
576 3457 698 3502 morum
721 3435 872 3500 doctrina
893 3434 981 3499 haud
1007 3453 1081 3499 raro
1104 3431 1234 3494 nimium

119 3521 154 3586 in
185 3521 334 3602 rigorem
361 3523 527 3604 deflectit3
544 3523 720 3607 ¹frequens
750 3520 803 3584 liic
831 3527 866 3584 et
896 3520 975 3583 alibi
1005 3519 1039 3583 in
1068 3533 1236 3583 sacrarum

119 3603 296 3672 literarum
320 3628 400 3689 usn,
421 3627 485 3674 nec
506 3606 660 3673 indoctus
682 3603 862 3670 earundem
885 3604 1067 3689 interpres,
1088 3599 1151 3668 sed
1174 3617 1239 3685 pa-

174 3923 208 3990 *J
227 3933 307 3981 luter
323 3932 433 3994 opera,
459 3943 530 3994 quae
554 3933 727 3983 ’l'ertulllouo
751 3942 896 3994 perperam
922 3931 1096 3990 tribuuntur,
1122 3933 1238 3990 potissu-

229 4013 304 4051 mum
324 4001 641 4053 numerantnrcarmlna
656 4005 966 4053 adversosllnrclouem
984 4006 1010 4051 et
1029 4002 1147 4063 reliquo,
1168 4011 1236 4062 quae

229 4075 262 4122 tn
281 4074 337 4122 tue
355 4076 509 4124 edttlouunr
528 4073 647 4134 operum
666 4073 833 4123 'l'ertulllaut
858 4067 981 4134 adiungi
997 4073 1104 4131 sulcata
1132 4073 1166 4120 de
1195 4069 1238 4116 lus

232 4143 320 4205 atoue
345 4145 381 4193 de
398 4143 535 4205 opertum
562 4140 688 4207 ejusdem
712 4144 867 4205 deperditis
890 4143 927 4190 cf.
953 4143 1075 4192 l'ertull.
1095 4139 1169 4186 Edit.
1191 4145 1238 4181 re-

133 4237 144 4258 .-
163 4257 169 4266 ,
230 4215 395 4280 cautissima
419 4216 493 4276 nipe.
512 4215 575 4266 Vol·
592 4215 641 4266 tv.
660 4227 689 4275 p.
707 4213 772 4267 330·
790 4213 1023 4266 uenditionem
1040 4212 1111 4261 Note
1129 4203 1238 4257 xxlll·

231 4295 282 4334 snr
300 4285 457 4336 'tertullien
475 4283 516 4348 (p.
535 4279 684 4346 mar-70).
