2880 4660
206 320 270 386 ito

205 486 304 572 pranis
327 481 440 574 [Dei]
464 485 604 552 mundus
626 485 812 552 inveniar.“
857 486 983 552 Passns
1006 491 1058 550 est
1081 501 1168 550 anno
1185 485 1261 550 107.
1279 489 1313 552 *l

205 571 361 636 dentibus
382 571 513 636 leonum
544 572 698 636 celeriter
727 579 935 643 consumtum
965 570 1040 634 sola
1069 569 1203 634 duriora
1231 588 1314 634 ossa

204 674 226 720 a
247 654 401 721 leonibus
424 655 559 729 relicta,
590 655 799 722 Antiochiam
823 674 882 739 per
905 656 978 736 ejus
999 653 1109 720 socios
1142 660 1314 738 reportata

204 739 315 824 ibique
337 738 392 806 diu
414 737 592 804 honorifice
614 747 792 805 asservata
822 744 899 804 sunt
928 740 981 810 sa)
1015 744 1202 822 „tamquam
1235 735 1314 801 lbe-

204 823 598 947 sauf‘nsssipaestimabilis
620 824 661 889 ob
684 824 844 909 Martyris
867 824 1008 907 gratiam
1030 821 1198 888 ecclesiae
1217 821 1314 887 relie-

205 915 269 974 tua.
373 914 386 984 )
1295 922 1301 935 ·

703 1086 740 1179 §-
762 1105 814 1168 aa.

577 1246 612 1306 S.
637 1241 766 1324 Igrtrrlr'i
795 1243 942 1326 Scripta.

290 1396 423 1463 Ultimis
457 1396 546 1462 vitae
587 1413 671 1460 suae
707 1395 878 1460 mensibus
917 1393 1051 1479 scripsit
1084 1392 1123 1459 S.
1156 1393 1311 1482 ignatius

203 1491 345 1583 septeni
380 1483 593 1584 ilpistolam
631 1497 798 1582 Smyrnae
827 1496 949 1580 quippe
978 1494 1020 1560 ad
1051 1492 1236 1578 Ephesios,
1265 1495 1309 1560 ad

203 1585 459 1671 Magnesinnos,
482 1583 524 1650 oi
547 1584 738 1649 Trallianos
759 1589 795 1648 et
816 1579 859 1646 arl
873 1581 1052 1647 Romanos
1075 1579 1207 1644 'l'roade
1229 1598 1310 1644 vero

203 1668 247 1734 ad
285 1667 587 1755 Philadelphenos,
620 1667 661 1732 ad
693 1664 899 1750 Smyrnaeus
935 1671 969 1730 et
1006 1662 1050 1727 ad
1078 1662 1310 1747 Polycarpum.

202 1753 327 1819 Harum
348 1753 469 1837 duplex
491 1761 586 1819 extat
607 1750 771 1816 Graecum
793 1748 973 1834 exemplar,
996 1748 1134 1813 alterum
1163 1748 1310 1828 brevius,

203 1857 397 1925 germanum
419 1845 520 1922 atque
550 1838 733 1912 sincerum,
770 1835 909 1902 alterum
941 1833 1094 1919 longius,
1126 1831 1312 1912 interpola·

204 1933 280 1988 tum.
304 1927 340 2001 †)
384 1923 566 1988 Breviores
589 1929 696 1986 autem
720 1921 797 1985 illas
819 1917 980 2004 epistolas
1001 1935 1084 1982 viere
1106 1935 1127 1980 ιι
1148 1915 1188 1980 8.
1202 1915 1310 2004 lgna-

205 2116 414 2136 *-

260 2240 293 2302 *1
310 2246 419 2296 Annum
439 2241 552 2308 l'rajani
571 2259 668 2298 nonum
701 2249 719 2296 1.
740 2259 766 2296 e.
786 2245 888 2297 christi
910 2243 971 2296 107.
996 2248 1131 2310 martyrio
1157 2247 1187 2296 S·
1207 2249 1310 2310 ignatii

307 2317 449 2378 assignant
468 2321 537 2367 Aeta
555 2319 727 2379 martyriis.
743 2319 845 2378 ignatii
864 2318 987 2379 genuina
1006 2329 1029 2366 o·
1047 2318 1074 2368 2.
1093 2321 1122 2367 et
1140 2329 1166 2367 c·
1187 2317 1212 2368 7.
1250 2318 1310 2368 Nee

306 2387 422 2435 muttum
441 2389 616 2449 discrepata.
626 2389 739 2438 Hieron·
760 2389 793 2437 rie
812 2389 882 2437 viris
902 2387 1004 2436 illustr.
1024 2399 1050 2436 o.
1072 2385 1115 2437 16.
1145 2389 1224 2437 lianc
1241 2399 1308 2437 seu-

307 2459 420 2506 tentiam
440 2461 552 2509 tuentnr
570 2460 714 2517 Ueserius,
740 2459 904 2518 '1¹iilemont,
932 2458 1065 2516 ltutnart,
1090 2457 1209 2507 ceillier
1226 2460 1256 2506 et
1273 2460 1307 2507 Δ.

306 2527 486 2590 Gatianrllus,
506 2541 585 2593 quem
606 2533 660 2578 viri.
685 2534 712 2578 in
732 2529 887 2591 Proiegom·
907 2539 930 2576 e.
949 2525 976 2578 8.
997 2541 1026 2576 ιι.
1045 2530 1071 2578 1.
1090 2530 1223 2589 (nospes
1242 2529 1308 2578 Ρ.1.

307 2613 335 2659 ιι.
354 2599 403 2649 151
415 2599 501 2652 -abt
537 2602 661 2649 litteram
679 2603 863 2658 sententiam,
881 2610 935 2660 qna
954 2603 1077 2647 mortuus
1095 2611 1157 2648 esse
1177 2599 1310 2657 perbibe-

307 2677 352 2717 tur
369 2681 440 2718 auno
461 2669 520 2730 116,
540 2673 642 2730 primns
663 2673 832 2732 excogitavit
850 2663 970 2718 Pearson
991 2675 1019 2716 et
1039 2671 1218 2730 propugnavit
1238 2670 1311 2727 (vid.

305 2734 367 2799 ejus
387 2739 503 2789 Dissert.
523 2741 665 2800 posthuma
690 2743 760 2799 npuri
779 2740 929 2788 irroobson.
955 2739 986 2788 'it
1009 2740 1043 2787 11.
1071 2753 1099 2801 p.
1118 2736 1168 2790 511
1187 2759 1221 2772 -
1241 2737 1310 2800 19),

305 2807 556 2872 adoptarttl'agius
575 2813 607 2858 ad
628 2823 655 2860 a.
673 2807 731 2861 107.
752 2823 779 2858 ιι.
797 2806 869 2859 3-6
888 2842 897 2872 ,
915 2820 1018 2871 eosque
1035 2813 1123 2859 secuti
1141 2809 1203 2857 sunt
1224 2811 1309 2858 dein-

306 2891 372 2939 ceps
390 2879 520 2940 Grabins,
540 2881 675 2943 beQuien
695 2886 724 2928 et
743 2881 916 2929 aeueuiotnn
937 2891 973 2928 ex
990 2878 1311 2942 coenomanensem

306 2953 335 2998 1ιι
360 2961 445 3010 opera
464 2953 662 3002 celeberrimo.
684 2951 765 3000 b’srt
783 2953 818 2999 rie
837 2945 949 2999 vertier
968 2951 1009 2998 les
1026 2953 1115 2999 dates.
1135 2945 1223 3012 liujus
1240 2961 1309 3000 sen-

305 3023 411 3068 tentiae
431 3023 501 3070 ratio
519 3017 671 3071 desumitur
690 3024 859 3082 potissimum
879 3033 914 3070 ex
933 3022 1050 3070 historia
1075 3021 1153 3070 iliius
1178 3023 1310 3084 temporis

304 3089 408 3152 absque
427 3091 484 3140 ullo
503 3095 659 3140 testimonio
678 3099 793 3141 externo
811 3093 941 3152 temporis
958 3093 1137 3153 antiquioris.

237 3180 282 3245 ll)
301 3183 365 3238 Posi
385 3189 465 3238 binas
484 3191 679 3238 translationes
697 3201 795 3238 sacrae
814 3183 898 3250 „ejus
915 3189 1052 3249 reliquiae
1071 3201 1177 3238 rursum
1197 3189 1307 3238 Romam

305 3261 455 3308 translatae
480 3265 543 3308 sunt
568 3265 597 3308 et
622 3265 648 3308 in
675 3261 796 3308 eeclesia
819 3263 848 3306 s,
868 3259 1019 3308 Clementis
1038 3272 1093 3308 una
1111 3273 1172 3308 eum
1192 3272 1309 3319 corpore

305 3326 429 3390 eJusdern
448 3331 599 3380 beatissimi
620 3331 709 3388 Papae
728 3333 756 3378 et
776 3331 907 3388 Martyris
925 3342 1030 3376 summa
1056 3333 1238 3378 veneratione
1262 3342 1309 3378 re·

305 3399 468 3450 conditae.“
504 3401 687 3464 martyrolog.
707 3402 824 3449 Roman.
845 3398 887 3449 17.
909 3399 1078 3448 Decembris.

218 3493 279 3556 ul)
298 3497 372 3547 llaec
389 3501 478 3548 omnia
497 3499 530 3547 ad
551 3499 662 3547 verbum
683 3497 742 3546 iere
761 3499 888 3548 contexta
907 3501 970 3546 suat
989 3510 1023 3546 ex
1037 3497 1139 3546 Euseb.
1158 3496 1210 3544 lib.
1229 3494 1257 3545 3.
1278 3509 1307 3544 c.

303 3567 369 3686 «ἔθη
383 3569 495 3689 ww
516 3571 550 3617 rie
570 3572 639 3620 viris
659 3570 761 3619 illustr.
780 3581 805 3618 e.
827 3565 871 3617 16.
892 3571 920 3616 et
944 3579 979 3618 ex
998 3569 1076 3618 Actis
1094 3569 1212 3628 martyr.
1233 3579 1257 3616 c.
1277 3566 1305 3616 2·

252 3723 284 3788 ’il
303 3734 451 3785 breviores
469 3738 617 3796 epistolas,
644 3750 711 3798 quas
728 3737 841 3795 scripsit
858 3737 996 3798 ignatius,
1021 3747 1090 3798 quas
1115 3737 1205 3800 erilriit
1223 3735 1308 3794 l’uly-

303 3815 412 3864 carpun,
432 3819 499 3868 quas
519 3808 639 3855 lralruere
654 3807 799 3863 Eusebius,
818 3807 1011 3867 Hieronymus,
1030 3807 1227 3862 'theodoretus
1247 3807 1305 3865 pri-

305 3886 366 3921 mus
385 3878 413 3923 tn
439 3877 527 3924 iucem
554 3876 655 3923 extulit
680 3886 781 3933 graece
800 3876 1000 3925 Amstelonaml
1028 3873 1095 3926 1616
1129 3879 1167 3925 is.
1192 3876 1307 3923 Vossius

303 3955 339 3991 ex
357 3954 409 3992 uno
430 3947 581 4004 superstite
600 3944 788 3992 bibliothecae
807 3947 953 3996 illeriieeae
978 3946 1046 3995 Cod-
1067 3947 1138 4007 Ms.‚
1165 3951 1306 3994 veterem·

304 4024 357 4074 que
375 4013 490 4064 latinam
511 4017 664 4062 versionem
682 4017 805 4073 adiiiit,
834 4030 911 4078 quam
931 4017 1039 4066 Graeco
1063 4015 1217 4076 exemplari
1243 4028 1307 4076 pro-

303 4085 446 4143 pemodum
471 4087 499 4134 1ιι
530 4085 655 4134 omnibus
686 4088 896 4146 respondentem
919 4087 1019 4136 oxonii
1046 4082 1115 4136 iiiii
1141 4085 1309 4148 vulgaverat

301 4156 420 4204 lacobus
439 4157 578 4205 Uenerius.
614 4153 715 4214 Omnes
739 4159 846 4216 priores
870 4159 1007 4206 editiones
1025 4159 1135 4208 nonnisi
1155 4157 1310 4216 interpola-

302 4236 346 4275 tas
364 4225 503 4288 epistolae·
518 4227 548 4274 sl.
569 4226 672 4287 ignatii
697 4227 839 4276 exhibent.
876 4227 979 4276 Verum
999 4239 1080 4290 quum
1101 4231 1129 4276 iu
1149 4237 1184 4276 eo
1203 4225 1310 4275 Cortice

302 4297 464 4350 Florentino
491 4299 602 4349 deesset
624 4297 741 4359 epistola
766 4300 799 4348 ari
820 4298 973 4360 Romanor,
997 4309 1061 4350 eam
1079 4299 1200 4361 denique
1219 4307 1235 4344 e
1255 4305 1310 4346 ve-
