2948 4662
261 267 325 337 250

262 433 797 617 ttrtttltttt'hlttlt'?
812 429 1375 614 tetlttllhslththt‘!

261 605 342 682 hita,
363 605 407 670 de
430 605 595 688 hnptrsoro
615 621 804 690 sanguina
826 599 869 668 de
893 602 1046 686 haptrsmr
1067 607 1215 665 rnrnrstro
1237 607 1272 666 et
1289 607 1375 666 tem-

183 734 188 743 ·
261 708 362 774 pore,
396 687 521 754 demum
544 684 587 754 de
611 687 868 772 praeparatione
886 685 930 752 ad
953 685 1159 771 baptismum.
1181 721 1224 737 -
1267 685 1374 750 l’orro

265 792 299 858 in
321 773 420 848 tidro
447 773 494 848 de
519 778 753 872 poenitentia
774 788 817 852 ah
839 786 932 853 initio
958 787 1145 875 generatim
1178 785 1223 850 de
1254 786 1374 869 poeni-

267 876 372 942 tentia
394 881 527 949 tractat,
548 893 688 958 eamque
710 873 936 938 neeessariam
958 872 1102 937 adstruit
1122 889 1203 954 „pro
1217 871 1373 935 omnihus

262 959 412 1045 peccatis
434 965 470 1024 et
491 957 637 1032 delictis.
658 977 721 1024 seu
742 973 854 1030 carne,
876 975 937 1022 seu
958 955 1088 1041 spiritu,
1109 974 1169 1020 sen
1192 954 1295 1030 iacto,
1310 973 1371 1018 seu

261 1043 434 1109 voluntate
473 1039 695 1120 commissis“3
729 1046 796 1105 tum
830 1040 895 1106 duo
931 1038 1110 1126 distinguit
1146 1038 1372 1122 poenitentiae
1426 1110 1427 1118 χ

263 1145 418 1215 generat
439 1126 528 1209 prior
550 1133 604 1191 est
625 1125 695 1202 illa,
717 1141 803 1208 quae
824 1124 937 1212 agitur
957 1130 1036 1190 ante
1060 1124 1274 1207 baptismum:
1310 1141 1371 1206 po-

261 1211 383 1277 sterior
404 1217 458 1274 est
479 1227 610 1283 eorum,
638 1209 692 1293 qui
715 1209 747 1272 in
773 1215 912 1292 peccata
932 1207 1055 1293 gravia
1076 1213 1153 1292 post
1174 1206 1371 1290 baptismus

264 1293 445 1359 infeliciter
467 1291 657 1377 lapsi-inde
679 1301 869 1378 exsurgunt
889 1289 1032 1376 operosa
1053 1291 1276 1376 poenitentia:
1309 1287 1371 1354 hu-

258 1381 316 1462 jus
353 1376 476 1442 deinde
508 1377 733 1461 poenitentiae
764 1376 934 1461 publicae,
965 1374 1224 1462 Exomologesis
1260 1373 1370 1440 dictae

264 1480 407 1548 operosa
428 1459 583 1546 depingit
604 1460 782 1534 exercitia,
809 1463 966 1544 eiusque,
995 1477 1058 1524 nec
1079 1477 1143 1523 non
1166 1457 1270 1524 oralis
1290 1477 1369 1542 pec-

264 1552 412 1612 catorum
435 1545 657 1610 confessionis
678 1544 917 1611 necessitatem
939 1543 1206 1609 demonstratae
1239 1541 1367 1608 tandem

261 1648 322 1697 eos
354 1630 513 1695 acerrime
549 1630 723 1716 objurgat,
761 1628 814 1713 qui
845 1628 1036 1693 criminibus
1069 1633 1144 1707 post
1175 1625 1367 1711 baptismum

261 1713 419 1780 admissis
441 1714 676 1800 poenitentiam
700 1711 854 1797 amplecti
876 1712 1132 1788 erubescebant,
1152 1728 1281 1795 eosque
1294 1710 1366 1776 ideo

264 1816 387 1882 misere
411 1815 575 1898 periturus
597 1814 770 1897 praedicit.
794 1849 833 1862 -
863 1795 984 1872 Liber
1009 1797 1057 1871 de
1083 1803 1277 1896 patientia
1296 1813 1367 1878 exi-

263 1903 329 1966 mia
351 1898 538 1966 adhortatio
562 1906 625 1976 est,
647 1900 750 1964 multa
773 1917 846 1964 eum
867 1897 1058 1983 eloquentia
1077 1916 1251 1983 exponens
1272 1899 1367 1962 ratio·
1428 1939 1429 1942 ,

263 2002 344 2061 nes,
373 1983 491 2068 quihus
519 1982 562 2047 acl
585 1979 672 2049 hanc
694 1984 848 2049 virtutem
871 1983 995 2048 moveri
1018 1991 1054 2048 et
1074 1983 1242 2048 aduersus
1265 1983 1365 2066 impa-

263 2085 413 2150 tientiam
447 2085 647 2172 praemuniri
681 2090 821 2171 possunt
849 2083 1041 2150 Christiani.
1071 2079 1114 2136 ’-
1164 2065 1290 2142 Liber
1322 2069 1366 2142 dc

261 2176 436 2244 oratione
459 2193 583 2251 rectum
606 2185 756 2269 ejusdem
780 2185 909 2252 modum
932 2186 1049 2264 docet,
1071 2203 1145 2251 mox
1167 2191 1271 2250 totam
1292 2203 1365 2252 ora-

260 2269 383 2338 tionem
406 2269 604 2336 dominicam
626 2269 803 2355 explanat}
826 2272 858 2338 in
879 2271 986 2338 altera
1006 2269 1156 2354 eiusdem
1179 2277 1275 2354 parte
1296 2270 1365 2357 agit

260 2355 304 2420 de
326 2356 581 2440 praeparatione
602 2354 645 2422 ad
668 2355 849 2420 orationem
872 2355 1084 2432 necessaria,
1104 2353 1148 2420 de
1167 2354 1287 2418 ritihus
1307 2375 1364 2420 err·

261 2443 380 2521 ternis,
403 2441 475 2508 loco
497 2448 532 2506 et
555 2448 702 2525 tempore
725 2439 896 2514 orationis,
918 2439 1048 2506 demum
1071 2439 1114 2504 de
1135 2438 1296 2504 orationis
1316 2439 1364 2504 ei·

264 2544 391 2610 llcacia.
451 2542 572 2608 Lihros
602 2561 732 2627 quoque
768 2542 853 2608 duos
878 2525 1055 2602 decedito
1080 2522 1364 2624 Μίκων)

259 2629 410 2714 scripsit,
435 2647 499 2712 qno
520 2645 581 2694 eas
603 2644 625 2692 a
647 2627 745 2692 nimio
766 2627 856 2692 oultn
879 2638 915 2692 et
935 2634 1053 2692 ornatu
1075 2623 1231 2702 retrahit,
1254 2627 1364 2708 eisque

261 2731 371 2814 potius
394 2727 610 2792 humilitatem
632 2733 667 2790 et
687 2727 877 2792 castitatem
900 2729 1052 2796 inculcat.
1074 2767 1117 2782 -
1150 2708 1271 2786 Lt'bt't'
1294 2713 1364 2787 (ΙΨ

258 2813 312 2887 ad
344 2835 503 2887 acorem
531 2827 573 2922 ad
609 2829 745 2893 iorrnarn
775 2831 969 2896 testamenti
997 2831 1175 2915 conscripti
1204 2827 1366 2906 videntur,

258 2931 322 2996 qno
345 2911 489 2977 nltimam
514 2911 621 2975 erderu
646 2910 836 2978 declararet
857 2932 952 2980 suam
976 2917 1178 2982 voluntatem
1208 2911 1281 3067 Sci.
1313 2914 1365 2980 lih

258 2997 295 3082 l„
311 3015 340 3060 c.
366 2991 432 3082 l.].
476 2993 593 3078 ltaque
617 2994 698 3060 lihro
722 2997 824 3082 primo
846 3015 921 3063 eam
943 3001 1023 3066 totis
1054 3000 1179 3065 viribus
1234 2998 1368 3065 ehorta-

259 3091 329 3152 tnr.
359 3099 402 3145 ne
434 3087 511 3166 post
538 3081 611 3161 ejus
640 3090 773 3146 mortem
802 3089 977 3168 superstes
1010 3083 1052 3149 ad
1083 3085 1213 3150 alteras
1234 3083 1368 3170 nuptias

258 3172 428 3234 transeat:
463 3164 638 3250 posteriori
660 3171 770 3230 autern
792 3166 823 3232 ei
847 3167 1026 3252 praecipit,
1059 3175 1094 3232 ut
1116 3169 1145 3233 si
1168 3187 1288 3234 rursus
1310 3185 1367 3231 nu-

259 3249 340 3315 here
363 3249 463 3324 velit,
484 3247 604 3314 saitem
628 3247 817 3316 Christiano
840 3253 955 3331 nnbat,
976 3260 1012 3317 et
1033 3253 1230 3318 felicitatem
1253 3252 1367 3316 matri-

258 3335 358 3400 monii
380 3331 562 3399 Christiani
593 3334 739 3420 egregie
767 3335 938 3400 describit.
981 3335 1068 3402 Tota
1098 3342 1248 3402 veterum
1272 3335 1367 3403 Chri·

256 3421 436 3484 stianornm
459 3419 548 3482 vitae
569 3416 775 3484 domesticae
796 3420 881 3486 ratio
904 3439 947 3484 ex
970 3421 1061 3486 nullo
1090 3421 1249 3487 fortassis
1283 3420 1368 3486 anti-

258 3503 396 3586 quitatis
418 3502 673 3570 ecclesiasticae
694 3511 902 3569 monumento
925 3505 1057 3589 plenius
1080 3505 1264 3592 meliusque
1295 3523 1369 3591 per-

261 3602 410 3687 spicitur.
435 3637 474 3650 -
518 3602 671 3689 Denique
692 3589 789 3664 libor
814 3591 861 3664 de
886 3591 1026 3690 pallio,
1050 3623 1115 3691 qno
1137 3605 1366 3672 demonstrare

256 3693 406 3765 conatur,
428 3687 543 3754 merito
563 3707 603 3754 se
625 3694 738 3776 togam
761 3687 972 3775 deposuisse,
992 3697 1029 3758 ut
1047 3689 1185 3777 pallium
1202 3690 1368 3768 indueret,

263 3885 472 3902 m

307 4002 338 4069 ⁴¹)
355 4009 485 4060 Edltnrer
507 4011 572 4062 ante
599 4013 748 4078 ltlgaltlnrn
774 4021 893 4078 priorem
917 4019 1017 4070 librum
1048 4020 1084 4068 de
1107 4015 1204 4070 hadita
1228 4015 1365 4068 maistre

359 4082 576 4146 inscripserunt,
601 4085 719 4137 alterum
743 4091 805 4148 „rte
823 4091 900 4139 cultu
920 4083 1128 4150 taminarnm;“
1148 4101 1223 4138 annu
1242 4089 1291 4137 tati
1310 4087 1368 4135 duo

261 4177 280 4188 -·
358 4151 425 4202 litori
442 4163 613 4206 murmurem
635 4161 737 4223 gemat
761 4161 985 4225 tmorrpnoaem:
1019 4158 1061 4212 nr
1078 4159 1158 4212 culta
1173 4156 1365 4225 renim·

359 4222 399 4273 ot.
419 4222 470 4274 tlh·
491 4226 514 4274 ι.
533 4236 560 4276 c·
579 4221 609 4278 d.
