2948 4662
332 453 571 521 tentationibas
594 452 796 549 auferuntur,
813 452 979 538 rteiuceps
999 453 1031 520 in
1051 451 1246 520 beatissima
1259 469 1318 520 se-
1458 490 1459 550 p

334 539 475 604 caritate
498 535 677 604 arausnrr.“
1458 571 1459 574 ,

271 691 316 784 4)
342 677 523 778 Epistola
567 680 619 752 ud
660 675 915 754 Fortunatam
955 678 1003 752 de
1047 677 1316 754 exhortatione

334 787 515 879 martyrii
538 799 580 875 *).
611 795 693 862 Cum
716 799 904 882 persecutio
928 795 1098 861 Valeriani
1122 797 1261 863 instaret
1283 799 1316 864 in

199 901 203 908 ·
335 883 470 960 Atrion,
498 883 700 946 Fortunatus
724 883 909 968 Episcopus
929 878 1132 964 cyprianum
1168 883 1317 969 rogavit,

335 974 373 1032 ut
395 966 438 1032 ad
462 965 713 1051 praeparandas
736 972 771 1032 et
792 963 1054 1031 corroborandas
1065 965 1202 1030 fratrum
1223 985 1316 1031 men-

336 1058 390 1116 tes
420 1050 463 1114 de
495 1050 619 1114 divinis
641 1047 826 1134 Scripturis
853 1049 1061 1114 hortamenta
1090 1058 1315 1132 componeret.

336 1135 398 1200 cot
421 1135 564 1199 libenter
585 1133 813 1199 obsecutores.
828 1131 1016 1220 Cyprianus
1038 1134 1175 1215 scripsit
1198 1133 1313 1198 librum

336 1219 380 1283 de
402 1217 632 1284 exhortatione
655 1219 811 1302 martyrii.
833 1225 935 1283 totum
959 1235 1046 1301 pene
1067 1235 1107 1282 ex
1120 1215 1315 1303 Scripturas

334 1302 535 1368 testimoniis
556 1302 771 1384 compositum
794 1303 859 1375 Ἣ.
903 1301 1019 1386 traque
1041 1300 1203 1376 ostendit,
1225 1302 1315 1366 idola

332 1404 400 1451 nou
423 1404 502 1451 esse
523 1384 617 1462 deos,
638 1404 747 1471 neque
769 1404 811 1452 ea
834 1386 888 1450 fas
902 1403 983 1452 esse
998 1387 1119 1463 coiere,
1132 1385 1192 1450 sed
1210 1383 1313 1452 [teum

333 1471 441 1536 solum
464 1467 637 1534 colendam
660 1487 761 1547 esse3
782 1470 900 1552 subjau
931 1470 955 1534 it
976 1480 1104 1548 antem,
1132 1469 1230 1534 mutto
1254 1472 1314 1534 nri-

331 1571 396 1620 nus
418 1553 585 1618 redemtos
606 1561 640 1619 et
663 1553 852 1620 vivificatos
871 1489 996 1621 Cffristi
1017 1556 1197 1640 sangnine,
1214 1573 1314 1640 erep-

333 1645 387 1703 tos
409 1635 453 1702 de
476 1637 626 1703 taudbns
647 1637 768 1704 diaboti
791 1645 826 1704 et
847 1638 891 1704 de
912 1638 1042 1723 taqrrais
1071 1639 1197 1704 saerrrti
1228 1639 1313 1704 tibe-

332 1727 436 1795 retos,
460 1722 516 1807 qui
538 1719 619 1786 nihil
639 1719 773 1788 Christo
797 1739 1004 1820 praeponere
1026 1724 1166 1805 possint,
1189 1723 1313 1789 debere

334 1805 443 1870 denuo
480 1803 522 1870 ari
560 1806 729 1872 saeculum
761 1815 903 1890 reverta
946 1806 1163 1872 insistendum
1204 1806 1313 1892 potins

332 1907 413 1954 esse
435 1895 469 1955 et
490 1890 775 1975 perseverandum
796 1892 828 1955 in
853 1891 917 1958 tide
939 1898 975 1956 et
998 1893 1137 1968 virtute,
1164 1898 1201 1956 et
1233 1910 1311 1958 eoe-

330 1973 430 2038 lestis
462 1989 503 2037 ae
531 1973 693 2056 spiritatis
721 1976 854 2063 gratiae
880 1976 1175 2050 consummatione,
1207 1982 1241 2039 ut
1270 1975 1312 2042 ad

333 2057 475 2142 palmam
498 2064 534 2121 et
555 2075 708 2122 coronam
732 2061 840 2144 possit
863 2060 1039 2143 perveniri.
1077 2059 1228 2144 Denique
1251 2060 1311 2124 de-

330 2147 503 2218 monstrat,
526 2143 776 2224 persecutiones
799 2144 992 2209 metuendas
1014 2163 1079 2209 non
1106 2163 1204 2220 esse,
1257 2145 1312 2210 uia

332 2241 393 2320 per
411 2225 490 2290 illas
535 2225 698 2304 rohemur,
720 2233 755 2292 et
775 2227 852 2312 quia
876 2229 1063 2310 persecutio
1086 2245 1218 2313 semper
1234 2165 1311 2294 ⁴ioe-

331 2313 376 2373 rrt
396 2327 472 2376 sors
523 2317 709 2386 anetarum,
744 2317 782 2376 et
817 2311 1000 2378 aDornino
1036 2314 1107 2378 sois
1136 2312 1312 2394 praedicta

331 2391 451 2470 fuerit,
477 2392 606 2458 demum
628 2394 706 2479 quia
737 2414 861 2483 magna
888 2415 1016 2462 merces
1045 2403 1180 2462 maneat
1199 2397 1311 2478 Justos

332 2483 368 2542 et
394 2483 558 2562 martyres
588 2484 665 2562 post
685 2481 949 2546 conflictationes
972 2480 1067 2564 hujus
1096 2481 1254 2566 temporis
1276 2487 1311 2546 ot

329 2563 518 2708 'passiones
562 2562 677 2628 Finem
708 2565 844 2649 imponit
874 2565 988 2631 brevis
1018 2571 1052 2630 et
1081 2563 1220 2630 ferrens
1249 2563 1310 2630 ad·

354 2647 481 2711 ortelio·
767 2677 770 2682 ¹

700 2885 737 2974 S.
761 2901 812 2966 aa.

204 3029 420 3118 IHJtettput
429 3035 465 3102 S.
475 3036 636 3120 Cypriani
651 3039 824 3106 Trnetntru
839 3041 984 3106 maniter.
1012 3037 1029 3103 1
1037 3037 1069 3108 V.
1080 3041 1184 3123 Opera
1201 3039 1308 3102 darbia.

245 3195 743 3299 ffl·SuntetaiiitraetatrrsS.
757 3206 925 3293 Cypriani,
948 3225 1082 3292 uirorum
1105 3228 1213 3274 nexus
1236 3225 1308 3272 enm

200 3288 590 3456 ssffieztzemmbus
613 3292 705 3358 vitae
725 3289 764 3358 S.
787 3292 949 3377 Cypriani
971 3290 1059 3360 haud
1083 3293 1197 3378 liquet.
1233 3291 1309 3357 Huc

202 3562 410 3584 *1——1-1

253 3683 287 3744 *)
303 3689 333 3738 8.
352 3691 428 3744 Pout.
448 3708 476 3745 u.
498 3695 524 3746 7.
561 3699 589 3746 S.
610 3700 768 3762 nramuyrn.
788 3711 833 3762 ep.
852 3695 898 3750 128·
918 3711 947 3750 u·
968 3697 1010 3751 19.

236 3775 282 3844 ”J
299 3781 388 3851 Hujus
405 3791 471 3842 lthrt
492 3795 611 3844 tudinem
630 3801 672 3845 stu
691 3799 750 3856 tpse
768 3797 921 3848 neaertbttr
946 3796 1158 3858 „cauponatum
1177 3795 1251 3856 teet,
1276 3801 1307 3846 ut

304 3863 449 3920 propositas
474 3863 579 3924 ottults,
606 3879 672 3927 quos
691 3868 752 3927 quta
771 3870 799 3914 et
818 3879 900 3917 nosse
918 3867 1018 3916 debeat
1036 3867 1065 3914 et
1082 3867 1200 3925 tenere,
1227 3869 1306 3927 eapt-

303 3929 363 3978 tuta
383 3931 521 3981 domtutca
538 3935 747 3995 subnecterem,
766 3938 796 3984 et
814 3939 858 3996 tt,
877 3940 947 4000 quot
966 3947 1171 3999 proposueram,
1190 3938 1304 3986 ttvtuaa
1325 3973 1332 3983 ,

301 3996 430 4048 teettonta
455 4005 621 4053 auctoritate
645 4005 809 4068 polluerem,
841 4012 871 4056 ut
895 4018 949 4058 uon
976 4013 1031 4056 tam
1049 4009 1196 4058 tractatum
1216 4017 1305 4057 meunt

300 4061 354 4198 abt
362 4069 472 4192 ἒὲἱιι·
489 4075 616 4136 mtatsao,
645 4085 725 4137 quam
743 4077 886 4127 matertam
904 4077 1089 4130 trnotauttbua
1106 4071 1305 4142 praebuisse-‘⁶
