<?xml version="1.0" encoding="UTF-8"?>
<!DOCTYPE html PUBLIC "-//W3C//DTD XHTML 1.0 Transitional//EN"
    "http://www.w3.org/TR/xhtml1/DTD/xhtml1-transitional.dtd">
<html xmlns="http://www.w3.org/1999/xhtml" xml:lang="en" lang="en">
 <head>
  <title>
</title>
<meta http-equiv="Content-Type" content="text/html;charset=utf-8" />
  <meta name='ocr-system' content='tesseract 3.04.00' />
  <meta name='ocr-capabilities' content='ocr_page ocr_carea ocr_par ocr_line ocrx_word'/>
</head>
<body>
  <div class='ocr_page' id='page_1' title='image "./institutionespa01fessgoog_0189.png"; bbox 0 0 2880 4660; ppageno 0'>
   <div class='ocr_carea' id='block_1_1' title="bbox 189 263 354 366">
    <p class='ocr_par' dir='ltr' id='par_1_1' title="bbox 189 263 354 366">
     <span class='ocr_line' id='line_1_1' title="bbox 189 263 354 366; baseline -0.012 0"><span class='ocrx_word' id='word_1_1' title='bbox 189 300 251 366; x_wconf 74' lang='grc' dir='ltr'><strong>ιιι</strong></span> <span class='ocrx_word' id='word_1_2' title='bbox 349 263 354 271; x_wconf 76' lang='grc'><strong>’</strong></span> 
     </span>
    </p>
   </div>
   <div class='ocr_carea' id='block_1_2' title="bbox 314 459 1316 621">
    <p class='ocr_par' dir='ltr' id='par_1_2' title="bbox 314 459 1316 621">
     <span class='ocr_line' id='line_1_2' title="bbox 314 459 1302 549; baseline -0.023 -16"><span class='ocrx_word' id='word_1_3' title='bbox 314 465 396 532; x_wconf 90' lang='lat' dir='ltr'><strong>citer</strong></span> <span class='ocrx_word' id='word_1_4' title='bbox 418 469 451 530; x_wconf 90' lang='lat' dir='ltr'><strong>et</strong></span> <span class='ocrx_word' id='word_1_5' title='bbox 474 463 666 549; x_wconf 74' lang='lat' dir='ltr'><strong>dogmatice</strong></span> <span class='ocrx_word' id='word_1_6' title='bbox 688 459 902 548; x_wconf 86' lang='lat' dir='ltr'><strong>proponendo</strong></span> <span class='ocrx_word' id='word_1_7' title='bbox 926 460 979 526; x_wconf 85' lang='lat' dir='ltr'><strong>vel</strong></span> <span class='ocrx_word' id='word_1_8' title='bbox 1004 461 1133 528; x_wconf 75' lang='lat' dir='ltr'><strong>omnino</strong></span> <span class='ocrx_word' id='word_1_9' title='bbox 1154 460 1302 526; x_wconf 64' lang='lat' dir='ltr'><strong>eandem</strong></span> 
     </span>
     <span class='ocr_line' id='line_1_3' title="bbox 316 544 1316 621; baseline -0.015 -5"><span class='ocrx_word' id='word_1_10' title='bbox 316 567 378 618; x_wconf 83' lang='lat' dir='ltr'><strong>ceu</strong></span> <span class='ocrx_word' id='word_1_11' title='bbox 401 547 560 614; x_wconf 83' lang='lat' dir='ltr'><strong>diuinitus</strong></span> <span class='ocrx_word' id='word_1_12' title='bbox 583 546 735 612; x_wconf 86' lang='lat' dir='ltr'><strong>traditam</strong></span> <span class='ocrx_word' id='word_1_13' title='bbox 758 544 962 611; x_wconf 82' lang='lat' dir='ltr'><strong>adstruendo</strong></span> <span class='ocrx_word' id='word_1_14' title='bbox 985 544 1165 610; x_wconf 87' lang='lat' dir='ltr'><strong>disserant.</strong></span> <span class='ocrx_word' id='word_1_15' title='bbox 1179 545 1213 621; x_wconf 72' lang='lat'><strong>⁹⁵)</strong></span> <span class='ocrx_word' id='word_1_16' title='bbox 1304 561 1316 570; x_wconf 90' lang='lat'><em>·</em></span> 
     </span>
    </p>
   </div>
   <div class='ocr_carea' id='block_1_3' title="bbox 252 654 1303 1228">
    <p class='ocr_par' dir='ltr' id='par_1_3' title="bbox 252 654 1303 1228">
     <span class='ocr_line' id='line_1_4' title="bbox 252 654 1303 760; baseline -0.007 -34"><span class='ocrx_word' id='word_1_17' title='bbox 252 655 297 749; x_wconf 74' lang='lat' dir='ltr'><strong>i]</strong></span> <span class='ocrx_word' id='word_1_18' title='bbox 320 660 404 760; x_wconf 79' lang='lat' dir='ltr'><strong>Loci</strong></span> <span class='ocrx_word' id='word_1_19' title='bbox 426 659 516 758; x_wconf 78' lang='lat' dir='ltr'><strong>dubii</strong></span> <span class='ocrx_word' id='word_1_20' title='bbox 539 666 574 723; x_wconf 89' lang='lat' dir='ltr'><strong>ct</strong></span> <span class='ocrx_word' id='word_1_21' title='bbox 594 658 736 734; x_wconf 81' lang='lat' dir='ltr'><strong>obscuri,</strong></span> <span class='ocrx_word' id='word_1_22' title='bbox 759 657 815 742; x_wconf 84' lang='lat' dir='ltr'><strong>qrri</strong></span> <span class='ocrx_word' id='word_1_23' title='bbox 834 675 880 754; x_wconf 68' lang='lat' dir='ltr'><strong>eu</strong></span> <span class='ocrx_word' id='word_1_24' title='bbox 903 656 977 720; x_wconf 89' lang='lat' dir='ltr'><strong>aliis</strong></span> <span class='ocrx_word' id='word_1_25' title='bbox 999 654 1148 754; x_wconf 77' lang='lat' dir='ltr'><strong>ejusdem</strong></span> <span class='ocrx_word' id='word_1_26' title='bbox 1168 654 1207 720; x_wconf 63' lang='grc' dir='ltr'><strong>Β.</strong></span> <span class='ocrx_word' id='word_1_27' title='bbox 1232 656 1303 720; x_wconf 82' lang='grc' dir='ltr'>Ριι-</span> 
     </span>
     <span class='ocr_line' id='line_1_5' title="bbox 314 738 1301 906; baseline 0.004 -12"><span class='ocrx_word' id='word_1_28' title='bbox 314 741 745 894; x_wconf 67' lang='lat' dir='ltr'><strong>ttt‘tltlnlttall</strong></span> <span class='ocrx_word' id='word_1_29' title='bbox 767 740 1116 906; x_wconf 65' lang='lat' dir='ltr'><strong>litttlltattltt</strong></span> <span class='ocrx_word' id='word_1_30' title='bbox 1135 738 1301 898; x_wconf 61' lang='lat' dir='ltr'><strong>„ttulit</strong></span> 
     </span>
     <span class='ocr_line' id='line_1_6' title="bbox 314 907 1302 998; baseline -0.006 -22"><span class='ocrx_word' id='word_1_31' title='bbox 314 912 495 998; x_wconf 78' lang='lat' dir='ltr'><strong>praecipue</strong></span> <span class='ocrx_word' id='word_1_32' title='bbox 517 927 597 976; x_wconf 80' lang='lat' dir='ltr'><strong>uero</strong></span> <span class='ocrx_word' id='word_1_33' title='bbox 620 930 663 976; x_wconf 84' lang='lat' dir='ltr'><strong>ex</strong></span> <span class='ocrx_word' id='word_1_34' title='bbox 685 908 750 974; x_wconf 83' lang='lat' dir='ltr'><strong>nde</strong></span> <span class='ocrx_word' id='word_1_35' title='bbox 773 907 963 983; x_wconf 73' lang='lat' dir='ltr'><strong>Ecclesiae,</strong></span> <span class='ocrx_word' id='word_1_36' title='bbox 986 927 1073 992; x_wconf 78' lang='lat' dir='ltr'><strong>qliae</strong></span> <span class='ocrx_word' id='word_1_37' title='bbox 1095 907 1155 968; x_wconf 79' lang='lat' dir='ltr'><strong>SS.</strong></span> <span class='ocrx_word' id='word_1_38' title='bbox 1179 907 1302 972; x_wconf 85' lang='lat' dir='ltr'><strong>Patres</strong></span> 
     </span>
     <span class='ocr_line' id='line_1_7' title="bbox 315 991 1302 1140; baseline -0.006 -80"><span class='ocrx_word' id='word_1_39' title='bbox 315 1005 481 1080; x_wconf 80' lang='lat' dir='ltr'><strong>tamquam</strong></span> <span class='ocrx_word' id='word_1_40' title='bbox 504 995 685 1080; x_wconf 86' lang='lat' dir='ltr'><strong>magistros</strong></span> <span class='ocrx_word' id='word_1_41' title='bbox 707 1012 787 1059; x_wconf 91' lang='lat' dir='ltr'><strong>suos</strong></span> <span class='ocrx_word' id='word_1_42' title='bbox 810 993 962 1079; x_wconf 74' lang='lat' dir='ltr'><strong>agnouit,</strong></span> <span class='ocrx_word' id='word_1_43' title='bbox 983 991 1149 1075; x_wconf 80' lang='lat' dir='ltr'><strong>hodieque</strong></span> <span class='ocrx_word' id='word_1_44' title='bbox 1170 1008 1302 1140; x_wconf 52' lang='lat' dir='ltr'><strong>agnos-</strong></span> 
     </span>
     <span class='ocr_line' id='line_1_8' title="bbox 318 1075 1300 1163; baseline -0.005 -19"><span class='ocrx_word' id='word_1_45' title='bbox 318 1081 373 1154; x_wconf 88' lang='lat' dir='ltr'><strong>cil,</strong></span> <span class='ocrx_word' id='word_1_46' title='bbox 395 1077 585 1163; x_wconf 84' lang='lat' dir='ltr'><strong>explicandi</strong></span> <span class='ocrx_word' id='word_1_47' title='bbox 606 1084 695 1154; x_wconf 89' lang='lat' dir='ltr'><strong>suut,</strong></span> <span class='ocrx_word' id='word_1_48' title='bbox 716 1083 879 1162; x_wconf 85' lang='lat' dir='ltr'><strong>quatenus</strong></span> <span class='ocrx_word' id='word_1_49' title='bbox 901 1075 933 1140; x_wconf 92' lang='lat' dir='ltr'><strong>id</strong></span> <span class='ocrx_word' id='word_1_50' title='bbox 959 1075 1028 1141; x_wconf 82' lang='lat' dir='ltr'><strong>lieri</strong></span> <span class='ocrx_word' id='word_1_51' title='bbox 1046 1080 1189 1160; x_wconf 84' lang='lat' dir='ltr'><strong>potesta</strong></span> <span class='ocrx_word' id='word_1_52' title='bbox 1213 1093 1300 1159; x_wconf 85' lang='lat' dir='ltr'><strong>sque</strong></span> 
     </span>
     <span class='ocr_line' id='line_1_9' title="bbox 317 1160 742 1228; baseline -0.007 -1"><span class='ocrx_word' id='word_1_53' title='bbox 317 1163 477 1228; x_wconf 79' lang='lat' dir='ltr'><strong>violentia</strong></span> <span class='ocrx_word' id='word_1_54' title='bbox 498 1162 617 1228; x_wconf 88' lang='lat' dir='ltr'><strong>iisdem</strong></span> <span class='ocrx_word' id='word_1_55' title='bbox 638 1160 742 1226; x_wconf 85' lang='lat' dir='ltr'><strong>illata.</strong></span> 
     </span>
    </p>
   </div>
   <div class='ocr_carea' id='block_1_4' title="bbox 688 1343 802 1430">
    <p class='ocr_par' dir='ltr' id='par_1_4' title="bbox 688 1343 802 1430">
     <span class='ocr_line' id='line_1_10' title="bbox 688 1343 802 1430; baseline -0.018 -9"><span class='ocrx_word' id='word_1_56' title='bbox 688 1343 802 1430; x_wconf 69' lang='lat' dir='ltr'><strong>§.cs</strong></span> 
     </span>
    </p>
   </div>
   <div class='ocr_carea' id='block_1_5' title="bbox 642 1499 858 1592">
    <p class='ocr_par' dir='ltr' id='par_1_5' title="bbox 642 1499 858 1592">
     <span class='ocr_line' id='line_1_11' title="bbox 642 1499 858 1592; baseline 0.005 -32"><span class='ocrx_word' id='word_1_57' title='bbox 642 1499 858 1592; x_wconf 75' lang='lat' dir='ltr'><strong>Conlr&#39;aaulic.</strong></span> 
     </span>
    </p>
   </div>
   <div class='ocr_carea' id='block_1_6' title="bbox 191 1659 1301 1902">
    <p class='ocr_par' dir='ltr' id='par_1_6' title="bbox 191 1659 1301 1902">
     <span class='ocr_line' id='line_1_12' title="bbox 273 1659 1301 1757; baseline -0.008 -25"><span class='ocrx_word' id='word_1_58' title='bbox 273 1665 428 1752; x_wconf 78' lang='lat' dir='ltr'><strong>Denique</strong></span> <span class='ocrx_word' id='word_1_59' title='bbox 450 1667 548 1733; x_wconf 88' lang='lat' dir='ltr'><strong>etium</strong></span> <span class='ocrx_word' id='word_1_60' title='bbox 572 1665 673 1732; x_wconf 90' lang='lat' dir='ltr'><strong>lectio</strong></span> <span class='ocrx_word' id='word_1_61' title='bbox 696 1666 831 1730; x_wconf 78' lang='lat' dir='ltr'><strong>Petrum</strong></span> <span class='ocrx_word' id='word_1_62' title='bbox 860 1665 907 1730; x_wconf 88' lang='lat' dir='ltr'><strong>itu</strong></span> <span class='ocrx_word' id='word_1_63' title='bbox 937 1669 990 1730; x_wconf 91' lang='lat' dir='ltr'><strong>est</strong></span> <span class='ocrx_word' id='word_1_64' title='bbox 1017 1659 1238 1754; x_wconf 80' lang='lat' dir='ltr'><strong>instituenda,</strong></span> <span class='ocrx_word' id='word_1_65' title='bbox 1266 1667 1301 1757; x_wconf 80' lang='lat' dir='ltr'><strong>ut</strong></span> 
     </span>
     <span class='ocr_line' id='line_1_13' title="bbox 191 1745 1299 1902; baseline -0.006 -85"><span class='ocrx_word' id='word_1_66' title='bbox 191 1768 349 1902; x_wconf 51' lang='lat' dir='ltr'><strong>{mam</strong></span> <span class='ocrx_word' id='word_1_67' title='bbox 368 1749 446 1817; x_wconf 94' lang='lat' dir='ltr'><strong>inde</strong></span> <span class='ocrx_word' id='word_1_68' title='bbox 468 1769 509 1816; x_wconf 86' lang='lat' dir='ltr'><strong>oc</strong></span> <span class='ocrx_word' id='word_1_69' title='bbox 533 1750 721 1816; x_wconf 88' lang='lat' dir='ltr'><strong>duraturam</strong></span> <span class='ocrx_word' id='word_1_70' title='bbox 743 1750 914 1834; x_wconf 81' lang='lat' dir='ltr'><strong>cupiamus</strong></span> <span class='ocrx_word' id='word_1_71' title='bbox 935 1747 1121 1814; x_wconf 82' lang='lat' dir='ltr'><strong>utilitatem.</strong></span> <span class='ocrx_word' id='word_1_72' title='bbox 1143 1745 1242 1812; x_wconf 83' lang='lat' dir='ltr'><strong>Hunc</strong></span> <span class='ocrx_word' id='word_1_73' title='bbox 1264 1763 1299 1810; x_wconf 91' lang='lat' dir='ltr'><strong>ru</strong></span> 
     </span>
    </p>
   </div>
   <div class='ocr_carea' id='block_1_7' title="bbox 256 1940 1377 2786">
    <p class='ocr_par' dir='ltr' id='par_1_7' title="bbox 256 1940 1377 2198">
     <span class='ocr_line' id='line_1_14' title="bbox 256 1940 1300 2033; baseline -0.006 -21"><span class='ocrx_word' id='word_1_74' title='bbox 256 1950 291 2022; x_wconf 90' lang='lat' dir='ltr'><strong>l)</strong></span> <span class='ocrx_word' id='word_1_75' title='bbox 312 1947 486 2033; x_wconf 79' lang='lat' dir='ltr'><strong>Legamus</strong></span> <span class='ocrx_word' id='word_1_76' title='bbox 507 1945 635 2031; x_wconf 86' lang='lat' dir='ltr'><strong>scripta</strong></span> <span class='ocrx_word' id='word_1_77' title='bbox 657 1944 732 2010; x_wconf 61' lang='lat' dir='ltr'><strong>SS„</strong></span> <span class='ocrx_word' id='word_1_78' title='bbox 749 1944 884 2010; x_wconf 79' lang='lat' dir='ltr'><strong>Petrum</strong></span> <span class='ocrx_word' id='word_1_79' title='bbox 916 1953 1039 2008; x_wconf 83' lang='lat' dir='ltr'><strong>attento</strong></span> <span class='ocrx_word' id='word_1_80' title='bbox 1065 1961 1087 2012; x_wconf 84' lang='lat' dir='ltr'><strong>tt</strong></span> <span class='ocrx_word' id='word_1_81' title='bbox 1112 1941 1226 2028; x_wconf 82' lang='lat' dir='ltr'><strong>cupite</strong></span> <span class='ocrx_word' id='word_1_82' title='bbox 1257 1940 1300 2008; x_wconf 85' lang='lat' dir='ltr'><strong>ad</strong></span> 
     </span>
     <span class='ocr_line' id='line_1_15' title="bbox 318 2025 1377 2178; baseline -0.006 -82"><span class='ocrx_word' id='word_1_83' title='bbox 318 2034 464 2110; x_wconf 77' lang='lat' dir='ltr'><strong>colcem3</strong></span> <span class='ocrx_word' id='word_1_84' title='bbox 487 2029 643 2178; x_wconf 60' lang='lat' dir='ltr'><strong>lepamns</strong></span> <span class='ocrx_word' id='word_1_85' title='bbox 657 2031 860 2112; x_wconf 79' lang='lat' dir='ltr'><strong>frequenter,</strong></span> <span class='ocrx_word' id='word_1_86' title='bbox 883 2033 1029 2095; x_wconf 82' lang='lat' dir='ltr'><strong>ettamen</strong></span> <span class='ocrx_word' id='word_1_87' title='bbox 1043 2028 1216 2092; x_wconf 65' lang='lat' dir='ltr'><strong>medeare.</strong></span> <span class='ocrx_word' id='word_1_88' title='bbox 1235 2025 1297 2091; x_wconf 88' lang='lat' dir='ltr'><strong>lla·</strong></span> <span class='ocrx_word' id='word_1_89' title='bbox 1371 2039 1377 2050; x_wconf 83' lang='grc'>’</span> 
     </span>
     <span class='ocr_line' id='line_1_16' title="bbox 319 2110 1302 2198; baseline -0.004 -20"><span class='ocrx_word' id='word_1_90' title='bbox 319 2132 383 2198; x_wconf 80' lang='lat' dir='ltr'><strong>qne</strong></span> <span class='ocrx_word' id='word_1_91' title='bbox 406 2131 512 2180; x_wconf 86' lang='lat' dir='ltr'><strong>caven</strong></span> <span class='ocrx_word' id='word_1_92' title='bbox 540 2132 593 2178; x_wconf 93' lang='lat' dir='ltr'><strong>um</strong></span> <span class='ocrx_word' id='word_1_93' title='bbox 613 2129 832 2197; x_wconf 86' lang='lat' dir='ltr'><strong>summopere,</strong></span> <span class='ocrx_word' id='word_1_94' title='bbox 862 2130 906 2178; x_wconf 92' lang='lat' dir='ltr'><strong>ne</strong></span> <span class='ocrx_word' id='word_1_95' title='bbox 938 2130 1069 2178; x_wconf 83' lang='lat' dir='ltr'><strong>manum</strong></span> <span class='ocrx_word' id='word_1_96' title='bbox 1096 2110 1173 2178; x_wconf 83' lang='lat' dir='ltr'><strong>eliis</strong></span> <span class='ocrx_word' id='word_1_97' title='bbox 1201 2110 1302 2175; x_wconf 88' lang='lat' dir='ltr'><strong>rebus</strong></span> 
     </span>
    </p>

    <p class='ocr_par' dir='ltr' id='par_1_8' title="bbox 293 2195 1304 2786">
     <span class='ocr_line' id='line_1_17' title="bbox 293 2195 1302 2281; baseline 0.005 -26"><span class='ocrx_word' id='word_1_98' title='bbox 293 2196 502 2263; x_wconf 86' lang='lat' dir='ltr'><strong>.edmovens</strong></span> <span class='ocrx_word' id='word_1_99' title='bbox 524 2205 559 2262; x_wconf 89' lang='lat' dir='ltr'><strong>et</strong></span> <span class='ocrx_word' id='word_1_100' title='bbox 580 2199 691 2280; x_wconf 87' lang='lat' dir='ltr'><strong>priora</strong></span> <span class='ocrx_word' id='word_1_101' title='bbox 714 2195 866 2278; x_wconf 85' lang='lat' dir='ltr'><strong>deseras,</strong></span> <span class='ocrx_word' id='word_1_102' title='bbox 888 2201 1063 2281; x_wconf 83' lang='lat' dir='ltr'><strong>antequam</strong></span> <span class='ocrx_word' id='word_1_103' title='bbox 1077 2195 1137 2261; x_wconf 86' lang='lat' dir='ltr'><strong>illa</strong></span> <span class='ocrx_word' id='word_1_104' title='bbox 1152 2195 1302 2274; x_wconf 77' lang='lat' dir='ltr'><strong>perfecie</strong></span> 
     </span>
     <span class='ocr_line' id='line_1_18' title="bbox 317 2278 1303 2367; baseline 0 -23"><span class='ocrx_word' id='word_1_105' title='bbox 317 2286 398 2345; x_wconf 82' lang='lat' dir='ltr'><strong>note</strong></span> <span class='ocrx_word' id='word_1_106' title='bbox 417 2279 486 2345; x_wconf 94' lang='lat' dir='ltr'><strong>sint</strong></span> <span class='ocrx_word' id='word_1_107' title='bbox 507 2285 609 2366; x_wconf 85' lang='lat' dir='ltr'><strong>utque</strong></span> <span class='ocrx_word' id='word_1_108' title='bbox 631 2279 826 2367; x_wconf 79' lang='lat' dir='ltr'><strong>exploratn3</strong></span> <span class='ocrx_word' id='word_1_109' title='bbox 862 2281 992 2365; x_wconf 85' lang='lat' dir='ltr'><strong>quoties</strong></span> <span class='ocrx_word' id='word_1_110' title='bbox 1013 2299 1094 2346; x_wconf 90' lang='lat' dir='ltr'><strong>vero</strong></span> <span class='ocrx_word' id='word_1_111' title='bbox 1122 2279 1206 2344; x_wconf 83' lang='lat' dir='ltr'><strong>liber</strong></span> <span class='ocrx_word' id='word_1_112' title='bbox 1234 2278 1303 2344; x_wconf 78' lang='lat' dir='ltr'><strong>ali-</strong></span> 
     </span>
     <span class='ocr_line' id='line_1_19' title="bbox 318 2360 1303 2450; baseline -0.001 -21"><span class='ocrx_word' id='word_1_113' title='bbox 318 2363 393 2449; x_wconf 83' lang='lat' dir='ltr'><strong>quis</strong></span> <span class='ocrx_word' id='word_1_114' title='bbox 414 2363 625 2430; x_wconf 84' lang='lat' dir='ltr'><strong>evolvendus</strong></span> <span class='ocrx_word' id='word_1_115' title='bbox 647 2365 704 2440; x_wconf 89' lang='lat' dir='ltr'><strong>sit,</strong></span> <span class='ocrx_word' id='word_1_116' title='bbox 725 2370 818 2430; x_wconf 88' lang='lat' dir='ltr'><strong>certo</strong></span> <span class='ocrx_word' id='word_1_117' title='bbox 840 2360 969 2431; x_wconf 84' lang='lat' dir='ltr'><strong>deliniri</strong></span> <span class='ocrx_word' id='word_1_118' title='bbox 989 2381 1054 2431; x_wconf 90' lang='lat' dir='ltr'><strong>non</strong></span> <span class='ocrx_word' id='word_1_119' title='bbox 1099 2369 1199 2448; x_wconf 77' lang='lat' dir='ltr'><strong>otest3</strong></span> <span class='ocrx_word' id='word_1_120' title='bbox 1222 2381 1303 2450; x_wconf 91' lang='lat' dir='ltr'><strong>pro-</strong></span> 
     </span>
     <span class='ocr_line' id='line_1_20' title="bbox 318 2384 1303 2540; baseline -0.005 -26"><span class='ocrx_word' id='word_1_121' title='bbox 318 2449 374 2514; x_wconf 91' lang='lat' dir='ltr'><strong>cul</strong></span> <span class='ocrx_word' id='word_1_122' title='bbox 396 2454 507 2514; x_wconf 87' lang='lat' dir='ltr'><strong>tomen</strong></span> <span class='ocrx_word' id='word_1_123' title='bbox 530 2447 629 2512; x_wconf 90' lang='lat' dir='ltr'><strong>dubio</strong></span> <span class='ocrx_word' id='word_1_124' title='bbox 652 2448 753 2514; x_wconf 88' lang='lat' dir='ltr'><strong>toties</strong></span> <span class='ocrx_word' id='word_1_125' title='bbox 774 2446 964 2514; x_wconf 76' lang='lat' dir='ltr'><strong>versando·</strong></span> <span class='ocrx_word' id='word_1_126' title='bbox 985 2453 1049 2528; x_wconf 87' lang='lat' dir='ltr'><strong>est,</strong></span> <span class='ocrx_word' id='word_1_127' title='bbox 1072 2384 1179 2540; x_wconf 51' lang='lat' dir='ltr'><strong>donec</strong></span> <span class='ocrx_word' id='word_1_128' title='bbox 1199 2446 1303 2534; x_wconf 85' lang='lat' dir='ltr'><strong>probe</strong></span> 
     </span>
     <span class='ocr_line' id='line_1_21' title="bbox 318 2531 1303 2620; baseline -0.001 -23"><span class='ocrx_word' id='word_1_129' title='bbox 318 2537 516 2620; x_wconf 85' lang='lat' dir='ltr'><strong>perspectus</strong></span> <span class='ocrx_word' id='word_1_130' title='bbox 538 2531 595 2598; x_wconf 88' lang='lat' dir='ltr'><strong>liat</strong></span> <span class='ocrx_word' id='word_1_131' title='bbox 617 2551 658 2598; x_wconf 83' lang='lat' dir='ltr'><strong>ac</strong></span> <span class='ocrx_word' id='word_1_132' title='bbox 679 2532 826 2616; x_wconf 83' lang='lat' dir='ltr'><strong>undique</strong></span> <span class='ocrx_word' id='word_1_133' title='bbox 848 2541 964 2618; x_wconf 70' lang='lat' dir='ltr'><strong>notosg</strong></span> <span class='ocrx_word' id='word_1_134' title='bbox 986 2533 1040 2614; x_wconf 79' lang='lat'><strong>**)</strong></span> <span class='ocrx_word' id='word_1_135' title='bbox 1070 2537 1216 2598; x_wconf 87' lang='lat' dir='ltr'><strong>attamen</strong></span> <span class='ocrx_word' id='word_1_136' title='bbox 1238 2531 1303 2597; x_wconf 90' lang='lat' dir='ltr'><strong>nisi</strong></span> 
     </span>
     <span class='ocr_line' id='line_1_22' title="bbox 319 2615 1303 2702; baseline -0.001 -19"><span class='ocrx_word' id='word_1_137' title='bbox 319 2636 428 2684; x_wconf 84' lang='lat' dir='ltr'><strong>serino</strong></span> <span class='ocrx_word' id='word_1_138' title='bbox 451 2617 509 2684; x_wconf 79' lang='lat' dir='ltr'><strong>dol</strong></span> <span class='ocrx_word' id='word_1_139' title='bbox 530 2615 572 2682; x_wconf 92' lang='lat' dir='ltr'><strong>de</strong></span> <span class='ocrx_word' id='word_1_140' title='bbox 589 2615 903 2685; x_wconf 86' lang='lat' dir='ltr'><strong>rebusdiiticillimis</strong></span> <span class='ocrx_word' id='word_1_141' title='bbox 920 2627 1018 2702; x_wconf 82' lang='lat' dir='ltr'><strong>atque</strong></span> <span class='ocrx_word' id='word_1_142' title='bbox 1031 2616 1303 2702; x_wconf 78' lang='lat' dir='ltr'><strong>implicatissimis</strong></span> 
     </span>
     <span class='ocr_line' id='line_1_23' title="bbox 319 2700 1304 2786; baseline -0.002 -20"><span class='ocrx_word' id='word_1_143' title='bbox 319 2700 442 2766; x_wconf 84' lang='lat' dir='ltr'><strong>uelde</strong></span> <span class='ocrx_word' id='word_1_144' title='bbox 465 2700 620 2766; x_wconf 83' lang='lat' dir='ltr'><strong>intricata</strong></span> <span class='ocrx_word' id='word_1_145' title='bbox 644 2701 873 2786; x_wconf 80' lang='lat' dir='ltr'><strong>principiorum</strong></span> <span class='ocrx_word' id='word_1_146' title='bbox 897 2701 1110 2779; x_wconf 75' lang='lat' dir='ltr'><strong>collectione,</strong></span> <span class='ocrx_word' id='word_1_147' title='bbox 1141 2700 1193 2766; x_wconf 91' lang='lat' dir='ltr'><strong>cui</strong></span> <span class='ocrx_word' id='word_1_148' title='bbox 1215 2701 1304 2765; x_wconf 81' lang='lat' dir='ltr'><strong>marl·</strong></span> 
     </span>
    </p>
   </div>
   <div class='ocr_carea' id='block_1_8' title="bbox 319 2783 1303 2932">
    <p class='ocr_par' dir='ltr' id='par_1_9' title="bbox 319 2783 1303 2932">
     <span class='ocr_line' id='line_1_24' title="bbox 319 2783 1303 2932; baseline 0.003 -86"><span class='ocrx_word' id='word_1_149' title='bbox 319 2783 424 2932; x_wconf 78' lang='lat' dir='ltr'><strong>tiplex</strong></span> <span class='ocrx_word' id='word_1_150' title='bbox 446 2789 481 2849; x_wconf 88' lang='lat' dir='ltr'><strong>et</strong></span> <span class='ocrx_word' id='word_1_151' title='bbox 503 2784 608 2850; x_wconf 84' lang='lat' dir='ltr'><strong>ardon</strong></span> <span class='ocrx_word' id='word_1_152' title='bbox 630 2785 738 2851; x_wconf 80' lang='lat' dir='ltr'><strong>srrbsit</strong></span> <span class='ocrx_word' id='word_1_153' title='bbox 753 2785 968 2870; x_wconf 83' lang='lat' dir='ltr'><strong>significatio,</strong></span> <span class='ocrx_word' id='word_1_154' title='bbox 984 2805 1082 2851; x_wconf 90' lang='lat' dir='ltr'><strong>unum</strong></span> <span class='ocrx_word' id='word_1_155' title='bbox 1095 2783 1303 2868; x_wconf 88' lang='lat' dir='ltr'><strong>eundemque</strong></span> 
     </span>
    </p>
   </div>
   <div class='ocr_carea' id='block_1_9' title="bbox 204 2867 1304 3464">
    <p class='ocr_par' dir='ltr' id='par_1_10' title="bbox 204 2867 1304 3464">
     <span class='ocr_line' id='line_1_25' title="bbox 318 2867 342 2931; baseline -0.042 0"><span class='ocrx_word' id='word_1_156' title='bbox 318 2867 342 2931; x_wconf 90' lang='lat' dir='ltr'><strong>li</strong></span> 
     </span>
     <span class='ocr_line' id='line_1_26' title="bbox 320 2948 1304 3040; baseline 0.002 -26"><span class='ocrx_word' id='word_1_157' title='bbox 320 2948 419 3016; x_wconf 90' lang='lat' dir='ltr'><strong>dere</strong></span> <span class='ocrx_word' id='word_1_158' title='bbox 441 2956 476 3015; x_wconf 91' lang='lat' dir='ltr'><strong>et</strong></span> <span class='ocrx_word' id='word_1_159' title='bbox 498 2971 562 3036; x_wconf 84' lang='lat' dir='ltr'><strong>qrro</strong></span> <span class='ocrx_word' id='word_1_160' title='bbox 586 2957 681 3020; x_wconf 78' lang='lat' dir='ltr'><strong>niodo</strong></span> <span class='ocrx_word' id='word_1_161' title='bbox 704 2961 806 3040; x_wconf 73' lang='lat' dir='ltr'><strong>agat,</strong></span> <span class='ocrx_word' id='word_1_162' title='bbox 828 2954 996 3032; x_wconf 89' lang='lat' dir='ltr'><strong>secundo,</strong></span> <span class='ocrx_word' id='word_1_163' title='bbox 1017 2961 1054 3018; x_wconf 90' lang='lat' dir='ltr'><strong>ut</strong></span> <span class='ocrx_word' id='word_1_164' title='bbox 1075 2953 1246 3036; x_wconf 74' lang='lat' dir='ltr'><strong>analytice</strong></span> <span class='ocrx_word' id='word_1_165' title='bbox 1267 2958 1304 3017; x_wconf 90' lang='lat' dir='ltr'><strong>et</strong></span> 
     </span>
     <span class='ocr_line' id='line_1_27' title="bbox 318 3034 1301 3124; baseline 0.002 -26"><span class='ocrx_word' id='word_1_166' title='bbox 318 3034 540 3101; x_wconf 83' lang='lat' dir='ltr'><strong>adamussim</strong></span> <span class='ocrx_word' id='word_1_167' title='bbox 573 3037 801 3124; x_wconf 76' lang='lat' dir='ltr'><strong>expendatur,</strong></span> <span class='ocrx_word' id='word_1_168' title='bbox 829 3039 926 3103; x_wconf 90' lang='lat' dir='ltr'><strong>tertio</strong></span> <span class='ocrx_word' id='word_1_169' title='bbox 955 3037 1104 3118; x_wconf 89' lang='lat' dir='ltr'><strong>demum,</strong></span> <span class='ocrx_word' id='word_1_170' title='bbox 1133 3055 1196 3122; x_wconf 80' lang='lat' dir='ltr'><strong>qno</strong></span> <span class='ocrx_word' id='word_1_171' title='bbox 1225 3037 1301 3119; x_wconf 86' lang='lat' dir='ltr'><strong>ejus</strong></span> 
     </span>
     <span class='ocr_line' id='line_1_28' title="bbox 320 3117 1303 3196; baseline 0.003 -14"><span class='ocrx_word' id='word_1_172' title='bbox 320 3117 481 3196; x_wconf 88' lang='lat' dir='ltr'><strong>doctrina,</strong></span> <span class='ocrx_word' id='word_1_173' title='bbox 503 3120 584 3186; x_wconf 90' lang='lat' dir='ltr'><strong>ordo</strong></span> <span class='ocrx_word' id='word_1_174' title='bbox 606 3130 640 3188; x_wconf 88' lang='lat' dir='ltr'><strong>et</strong></span> <span class='ocrx_word' id='word_1_175' title='bbox 663 3122 871 3188; x_wconf 86' lang='lat' dir='ltr'><strong>ratiocinatio</strong></span> <span class='ocrx_word' id='word_1_176' title='bbox 893 3121 940 3188; x_wconf 85' lang='lat' dir='ltr'><strong>ita</strong></span> <span class='ocrx_word' id='word_1_177' title='bbox 962 3121 1097 3190; x_wconf 90' lang='lat' dir='ltr'><strong>lectoris</strong></span> <span class='ocrx_word' id='word_1_178' title='bbox 1120 3121 1220 3188; x_wconf 83' lang='lat' dir='ltr'><strong>meriti</strong></span> <span class='ocrx_word' id='word_1_179' title='bbox 1248 3123 1303 3187; x_wconf 89' lang='lat' dir='ltr'><strong>in-</strong></span> 
     </span>
     <span class='ocr_line' id='line_1_29' title="bbox 318 3203 1302 3292; baseline 0.002 -24"><span class='ocrx_word' id='word_1_180' title='bbox 318 3203 489 3284; x_wconf 85' lang='lat' dir='ltr'><strong>haereant,</strong></span> <span class='ocrx_word' id='word_1_181' title='bbox 512 3205 612 3272; x_wconf 88' lang='lat' dir='ltr'><strong>atde</strong></span> <span class='ocrx_word' id='word_1_182' title='bbox 635 3206 676 3271; x_wconf 91' lang='lat' dir='ltr'><strong>iis</strong></span> <span class='ocrx_word' id='word_1_183' title='bbox 697 3208 845 3273; x_wconf 86' lang='lat' dir='ltr'><strong>scienter</strong></span> <span class='ocrx_word' id='word_1_184' title='bbox 867 3224 908 3274; x_wconf 87' lang='lat' dir='ltr'><strong>uc</strong></span> <span class='ocrx_word' id='word_1_185' title='bbox 931 3207 1037 3292; x_wconf 87' lang='lat' dir='ltr'><strong>perite</strong></span> <span class='ocrx_word' id='word_1_186' title='bbox 1060 3205 1302 3285; x_wconf 87' lang='lat' dir='ltr'><strong>dicere,alios-</strong></span> 
     </span>
     <span class='ocr_line' id='line_1_30' title="bbox 204 3288 1302 3376; baseline -0.004 -20"><span class='ocrx_word' id='word_1_187' title='bbox 204 3355 206 3362; x_wconf 77' lang='grc'>,</span> <span class='ocrx_word' id='word_1_188' title='bbox 318 3306 393 3376; x_wconf 81' lang='lat' dir='ltr'><strong>qne,</strong></span> <span class='ocrx_word' id='word_1_189' title='bbox 415 3288 445 3354; x_wconf 90' lang='lat' dir='ltr'><strong>si</strong></span> <span class='ocrx_word' id='word_1_190' title='bbox 469 3309 552 3374; x_wconf 86' lang='lat' dir='ltr'><strong>opus</strong></span> <span class='ocrx_word' id='word_1_191' title='bbox 574 3298 638 3370; x_wconf 83' lang='lat' dir='ltr'><strong>cst,</strong></span> <span class='ocrx_word' id='word_1_192' title='bbox 661 3291 776 3357; x_wconf 80' lang='lat' dir='ltr'><strong>valeat</strong></span> <span class='ocrx_word' id='word_1_193' title='bbox 798 3291 939 3358; x_wconf 88' lang='lat' dir='ltr'><strong>erudire.</strong></span> <span class='ocrx_word' id='word_1_194' title='bbox 981 3291 1169 3361; x_wconf 80' lang='lat' dir='ltr'><strong>Moderatio</strong></span> <span class='ocrx_word' id='word_1_195' title='bbox 1193 3295 1302 3355; x_wconf 80' lang='lat' dir='ltr'><strong>nartem</strong></span> 
     </span>
     <span class='ocr_line' id='line_1_31' title="bbox 317 3373 1302 3464; baseline -0.001 -26"><span class='ocrx_word' id='word_1_196' title='bbox 317 3373 577 3451; x_wconf 84' lang='lat' dir='ltr'><strong>commendatur,</strong></span> <span class='ocrx_word' id='word_1_197' title='bbox 615 3375 697 3460; x_wconf 82' lang='lat' dir='ltr'><strong>quia·</strong></span> <span class='ocrx_word' id='word_1_198' title='bbox 723 3376 824 3442; x_wconf 86' lang='lat' dir='ltr'><strong>lectio</strong></span> <span class='ocrx_word' id='word_1_199' title='bbox 857 3376 955 3440; x_wconf 88' lang='lat' dir='ltr'><strong>nimis</strong></span> <span class='ocrx_word' id='word_1_200' title='bbox 988 3377 1119 3464; x_wconf 84' lang='lat' dir='ltr'><strong>prolixo</strong></span> <span class='ocrx_word' id='word_1_201' title='bbox 1153 3374 1302 3462; x_wconf 86' lang='lat' dir='ltr'><strong>legentis</strong></span> 
     </span>
    </p>
   </div>
   <div class='ocr_carea' id='block_1_10' title="bbox 368 2867 1304 2956">
    <p class='ocr_par' dir='ltr' id='par_1_11' title="bbox 368 2867 1304 2956">
     <span class='ocr_line' id='line_1_32' title="bbox 368 2867 1304 2956; baseline 0.002 -26"><span class='ocrx_word' id='word_1_202' title='bbox 368 2885 437 2931; x_wconf 91' lang='lat' dir='ltr'><strong>rum</strong></span> <span class='ocrx_word' id='word_1_203' title='bbox 459 2875 511 2931; x_wconf 90' lang='lat' dir='ltr'><strong>ter</strong></span> <span class='ocrx_word' id='word_1_204' title='bbox 533 2867 663 2956; x_wconf 83' lang='lat' dir='ltr'><strong>legisse</strong></span> <span class='ocrx_word' id='word_1_205' title='bbox 685 2867 842 2949; x_wconf 77' lang='lat' dir='ltr'><strong>sollicitat,</strong></span> <span class='ocrx_word' id='word_1_206' title='bbox 865 2869 979 2955; x_wconf 86' lang='lat' dir='ltr'><strong>primo,</strong></span> <span class='ocrx_word' id='word_1_207' title='bbox 1001 2876 1037 2935; x_wconf 89' lang='lat' dir='ltr'><strong>nt</strong></span> <span class='ocrx_word' id='word_1_208' title='bbox 1059 2869 1221 2944; x_wconf 86' lang='lat' dir='ltr'><strong>videatur,</strong></span> <span class='ocrx_word' id='word_1_209' title='bbox 1235 2885 1304 2954; x_wconf 80' lang='lat' dir='ltr'><strong>quta</strong></span> 
     </span>
    </p>
   </div>
   <div class='ocr_carea' id='block_1_11' title="bbox 254 3662 1303 4019">
    <p class='ocr_par' dir='ltr' id='par_1_12' title="bbox 254 3662 1303 4019">
     <span class='ocr_line' id='line_1_33' title="bbox 254 3662 1303 3739; baseline -0.008 -13"><span class='ocrx_word' id='word_1_210' title='bbox 254 3662 283 3726; x_wconf 67' lang='lat' dir='ltr'><strong>*i</strong></span> <span class='ocrx_word' id='word_1_211' title='bbox 302 3671 453 3736; x_wconf 80' lang='lat' dir='ltr'><strong>Utrumque</strong></span> <span class='ocrx_word' id='word_1_212' title='bbox 481 3675 529 3724; x_wconf 87' lang='lat' dir='ltr'><strong>troc</strong></span> <span class='ocrx_word' id='word_1_213' title='bbox 556 3677 667 3726; x_wconf 80' lang='lat' dir='ltr'><strong>dicendi</strong></span> <span class='ocrx_word' id='word_1_214' title='bbox 695 3687 805 3739; x_wconf 79' lang='lat' dir='ltr'><strong>genus,</strong></span> <span class='ocrx_word' id='word_1_215' title='bbox 841 3678 913 3739; x_wconf 83' lang='lat' dir='ltr'><strong>quod</strong></span> <span class='ocrx_word' id='word_1_216' title='bbox 944 3679 1025 3726; x_wconf 82' lang='lat' dir='ltr'><strong>vocat</strong></span> <span class='ocrx_word' id='word_1_217' title='bbox 1055 3667 1248 3738; x_wconf 69' lang='grc' dir='ltr'><strong>γυμναστικῶς</strong></span> <span class='ocrx_word' id='word_1_218' title='bbox 1274 3677 1303 3720; x_wconf 85' lang='lat' dir='ltr'><strong>ct</strong></span> 
     </span>
     <span class='ocr_line' id='line_1_34' title="bbox 296 3733 1303 3808; baseline -0.015 -4"><span class='ocrx_word' id='word_1_219' title='bbox 296 3733 464 3805; x_wconf 57' lang='lat' dir='ltr'><strong>domnacum,</strong></span> <span class='ocrx_word' id='word_1_220' title='bbox 481 3745 622 3803; x_wconf 82' lang='lat' dir='ltr'><strong>scribere,</strong></span> <span class='ocrx_word' id='word_1_221' title='bbox 650 3747 798 3808; x_wconf 69' lang='lat' dir='ltr'><strong>eleganter</strong></span> <span class='ocrx_word' id='word_1_222' title='bbox 816 3747 952 3797; x_wconf 84' lang='lat' dir='ltr'><strong>describit</strong></span> <span class='ocrx_word' id='word_1_223' title='bbox 968 3758 1001 3794; x_wconf 87' lang='lat' dir='ltr'><strong>ac</strong></span> <span class='ocrx_word' id='word_1_224' title='bbox 1017 3743 1116 3794; x_wconf 88' lang='lat' dir='ltr'><strong>sedulo</strong></span> <span class='ocrx_word' id='word_1_225' title='bbox 1136 3745 1303 3794; x_wconf 85' lang='lat' dir='ltr'><strong>discernen-</strong></span> 
     </span>
     <span class='ocr_line' id='line_1_35' title="bbox 296 3811 1301 3877; baseline -0.002 -18"><span class='ocrx_word' id='word_1_226' title='bbox 296 3813 357 3860; x_wconf 87' lang='lat' dir='ltr'><strong>dum</strong></span> <span class='ocrx_word' id='word_1_227' title='bbox 377 3818 516 3862; x_wconf 75' lang='lat' dir='ltr'><strong>monets.</strong></span> <span class='ocrx_word' id='word_1_228' title='bbox 536 3811 899 3877; x_wconf 66' lang='lat' dir='ltr'><strong>Hieronymnse1r0480n.</strong></span> <span class='ocrx_word' id='word_1_229' title='bbox 923 3813 965 3866; x_wconf 81' lang='grc'><strong>13.</strong></span> <span class='ocrx_word' id='word_1_230' title='bbox 1012 3814 1057 3864; x_wconf 80' lang='lat' dir='ltr'><strong>cf.</strong></span> <span class='ocrx_word' id='word_1_231' title='bbox 1085 3817 1115 3862; x_wconf 77' lang='grc'><strong>8.</strong></span> <span class='ocrx_word' id='word_1_232' title='bbox 1137 3815 1235 3863; x_wconf 79' lang='lat' dir='ltr'><strong>Bastltt</strong></span> <span class='ocrx_word' id='word_1_233' title='bbox 1262 3815 1301 3860; x_wconf 84' lang='grc' dir='ltr'><strong>Μ.</strong></span> 
     </span>
     <span class='ocr_line' id='line_1_36' title="bbox 298 3879 1301 3950; baseline 0.002 -21"><span class='ocrx_word' id='word_1_234' title='bbox 298 3891 342 3940; x_wconf 72' lang='lat' dir='ltr'><strong>top.</strong></span> <span class='ocrx_word' id='word_1_235' title='bbox 361 3879 424 3932; x_wconf 80' lang='lat'><strong>210.</strong></span> <span class='ocrx_word' id='word_1_236' title='bbox 444 3896 473 3932; x_wconf 79' lang='grc' dir='ltr'><strong>ιι.</strong></span> <span class='ocrx_word' id='word_1_237' title='bbox 493 3881 520 3933; x_wconf 82' lang='lat'><strong>5.</strong></span> <span class='ocrx_word' id='word_1_238' title='bbox 564 3885 713 3946; x_wconf 83' lang='lat' dir='ltr'><strong>Utriusque</strong></span> <span class='ocrx_word' id='word_1_239' title='bbox 732 3885 860 3948; x_wconf 81' lang='lat' dir='ltr'><strong>exempta</strong></span> <span class='ocrx_word' id='word_1_240' title='bbox 878 3897 963 3950; x_wconf 80' lang='lat' dir='ltr'><strong>saepe</strong></span> <span class='ocrx_word' id='word_1_241' title='bbox 982 3886 1011 3935; x_wconf 89' lang='lat' dir='ltr'><strong>in</strong></span> <span class='ocrx_word' id='word_1_242' title='bbox 1030 3888 1079 3934; x_wconf 69' lang='lat' dir='ltr'><strong>su.</strong></span> <span class='ocrx_word' id='word_1_243' title='bbox 1099 3885 1230 3934; x_wconf 78' lang='lat' dir='ltr'><strong>Patribus</strong></span> <span class='ocrx_word' id='word_1_244' title='bbox 1248 3884 1301 3932; x_wconf 83' lang='lat' dir='ltr'><strong>ob-</strong></span> 
     </span>
     <span class='ocr_line' id='line_1_37' title="bbox 294 3951 1234 4019; baseline 0.005 -23"><span class='ocrx_word' id='word_1_245' title='bbox 294 3951 342 3998; x_wconf 76' lang='lat' dir='ltr'><strong>uia</strong></span> <span class='ocrx_word' id='word_1_246' title='bbox 360 3953 443 4011; x_wconf 85' lang='lat' dir='ltr'><strong>sunt,</strong></span> <span class='ocrx_word' id='word_1_247' title='bbox 463 3953 612 4013; x_wconf 84' lang='lat' dir='ltr'><strong>praecipue</strong></span> <span class='ocrx_word' id='word_1_248' title='bbox 632 3954 660 4001; x_wconf 92' lang='lat' dir='ltr'><strong>la</strong></span> <span class='ocrx_word' id='word_1_249' title='bbox 681 3957 732 4016; x_wconf 82' lang='lat' dir='ltr'><strong>tis,</strong></span> <span class='ocrx_word' id='word_1_250' title='bbox 752 3958 798 4018; x_wconf 85' lang='lat' dir='ltr'><strong>qui</strong></span> <span class='ocrx_word' id='word_1_251' title='bbox 818 3955 986 4008; x_wconf 80' lang='lat' dir='ltr'><strong>Dialecticuc</strong></span> <span class='ocrx_word' id='word_1_252' title='bbox 1002 3957 1091 4019; x_wconf 83' lang='lat' dir='ltr'><strong>mogls</strong></span> <span class='ocrx_word' id='word_1_253' title='bbox 1108 3957 1234 4005; x_wconf 83' lang='lat' dir='ltr'><strong>student.</strong></span> 
     </span>
    </p>
   </div>
   <div class='ocr_carea' id='block_1_12' title="bbox 223 4043 1302 4185">
    <p class='ocr_par' dir='ltr' id='par_1_13' title="bbox 223 4043 1302 4185">
     <span class='ocr_line' id='line_1_38' title="bbox 223 4043 1302 4116; baseline -0.002 -16"><span class='ocrx_word' id='word_1_254' title='bbox 223 4043 275 4100; x_wconf 69' lang='lat' dir='ltr'><strong>adp</strong></span> <span class='ocrx_word' id='word_1_255' title='bbox 293 4047 337 4097; x_wconf 81' lang='lat' dir='ltr'><strong>Gt.</strong></span> <span class='ocrx_word' id='word_1_256' title='bbox 357 4046 541 4111; x_wconf 84' lang='lat' dir='ltr'><strong>Quinottllant</strong></span> <span class='ocrx_word' id='word_1_257' title='bbox 559 4051 681 4100; x_wconf 86' lang='lat' dir='ltr'><strong>institut.</strong></span> <span class='ocrx_word' id='word_1_258' title='bbox 702 4052 778 4104; x_wconf 80' lang='lat' dir='ltr'><strong>Orat·</strong></span> <span class='ocrx_word' id='word_1_259' title='bbox 798 4054 849 4103; x_wconf 88' lang='lat' dir='ltr'><strong>lib.</strong></span> <span class='ocrx_word' id='word_1_260' title='bbox 866 4053 908 4104; x_wconf 79' lang='lat' dir='ltr'><strong>tn.</strong></span> <span class='ocrx_word' id='word_1_261' title='bbox 927 4066 954 4106; x_wconf 80' lang='lat' dir='ltr'><strong>c.</strong></span> <span class='ocrx_word' id='word_1_262' title='bbox 976 4055 1001 4104; x_wconf 86' lang='lat' dir='ltr'><strong>t.</strong></span> <span class='ocrx_word' id='word_1_263' title='bbox 1021 4049 1100 4114; x_wconf 77' lang='lat' dir='ltr'><strong>(edit.</strong></span> <span class='ocrx_word' id='word_1_264' title='bbox 1114 4055 1222 4116; x_wconf 84' lang='lat' dir='ltr'><strong>otpont.</strong></span> <span class='ocrx_word' id='word_1_265' title='bbox 1237 4051 1302 4100; x_wconf 75' lang='lat' dir='ltr'><strong>vot.</strong></span> 
     </span>
     <span class='ocr_line' id='line_1_39' title="bbox 295 4118 1301 4185; baseline 0.003 -19"><span class='ocrx_word' id='word_1_266' title='bbox 295 4119 331 4168; x_wconf 86' lang='lat'><strong>11.</strong></span> <span class='ocrx_word' id='word_1_267' title='bbox 351 4132 377 4178; x_wconf 84' lang='lat' dir='ltr'><strong>p.</strong></span> <span class='ocrx_word' id='word_1_268' title='bbox 397 4118 463 4172; x_wconf 78' lang='lat' dir='ltr'><strong>ott)</strong></span> <span class='ocrx_word' id='word_1_269' title='bbox 480 4123 508 4169; x_wconf 86' lang='lat' dir='ltr'><strong>et</strong></span> <span class='ocrx_word' id='word_1_270' title='bbox 528 4121 558 4172; x_wconf 67' lang='lat' dir='ltr'><strong>la</strong></span> <span class='ocrx_word' id='word_1_271' title='bbox 573 4124 681 4173; x_wconf 83' lang='lat' dir='ltr'><strong>Annaei</strong></span> <span class='ocrx_word' id='word_1_272' title='bbox 701 4125 981 4185; x_wconf 63' lang='lat' dir='ltr'><strong>sedecennitates.</strong></span> <span class='ocrx_word' id='word_1_273' title='bbox 1001 4130 1031 4173; x_wconf 85' lang='lat' dir='ltr'><strong>ct</strong></span> <span class='ocrx_word' id='word_1_274' title='bbox 1048 4125 1133 4185; x_wconf 83' lang='lat' dir='ltr'><strong>sptst.</strong></span> <span class='ocrx_word' id='word_1_275' title='bbox 1154 4120 1214 4173; x_wconf 82' lang='lat'>108.</span> <span class='ocrx_word' id='word_1_276' title='bbox 1235 4125 1301 4170; x_wconf 80' lang='lat' dir='ltr'><strong>item</strong></span> 
     </span>
    </p>
   </div>
   <div class='ocr_carea' id='block_1_13' title="bbox 293 4190 1302 4323">
    <p class='ocr_par' dir='ltr' id='par_1_14' title="bbox 293 4190 1302 4323">
     <span class='ocr_line' id='line_1_40' title="bbox 294 4190 1302 4259; baseline 0 -19"><span class='ocrx_word' id='word_1_277' title='bbox 294 4191 326 4240; x_wconf 78' lang='lat' dir='ltr'><strong>c·</strong></span> <span class='ocrx_word' id='word_1_278' title='bbox 346 4190 430 4242; x_wconf 78' lang='lat' dir='ltr'><strong>l’tioit</strong></span> <span class='ocrx_word' id='word_1_279' title='bbox 449 4190 499 4239; x_wconf 78' lang='lat' dir='ltr'><strong>lto.</strong></span> <span class='ocrx_word' id='word_1_280' title='bbox 520 4190 545 4241; x_wconf 84' lang='lat'><strong>7.</strong></span> <span class='ocrx_word' id='word_1_281' title='bbox 565 4205 609 4254; x_wconf 85' lang='lat' dir='ltr'><strong>cp.</strong></span> <span class='ocrx_word' id='word_1_282' title='bbox 630 4191 656 4245; x_wconf 80' lang='lat'><strong>9.</strong></span> <span class='ocrx_word' id='word_1_283' title='bbox 678 4197 725 4256; x_wconf 83' lang='lat' dir='ltr'><strong>qut</strong></span> <span class='ocrx_word' id='word_1_284' title='bbox 742 4197 844 4257; x_wconf 82' lang='lat' dir='ltr'><strong>optime</strong></span> <span class='ocrx_word' id='word_1_285' title='bbox 862 4198 973 4246; x_wconf 86' lang='lat' dir='ltr'><strong>monet:</strong></span> <span class='ocrx_word' id='word_1_286' title='bbox 994 4195 1132 4259; x_wconf 78' lang='lat' dir='ltr'><strong>„Multum</strong></span> <span class='ocrx_word' id='word_1_287' title='bbox 1151 4193 1302 4256; x_wconf 74' lang='lat' dir='ltr'><strong>legendnm</strong></span> 
     </span>
     <span class='ocr_line' id='line_1_41' title="bbox 293 4255 1075 4323; baseline 0.001 -13"><span class='ocrx_word' id='word_1_288' title='bbox 293 4273 365 4323; x_wconf 86' lang='lat' dir='ltr'><strong>esse,</strong></span> <span class='ocrx_word' id='word_1_289' title='bbox 385 4271 438 4310; x_wconf 91' lang='lat' dir='ltr'><strong>non</strong></span> <span class='ocrx_word' id='word_1_290' title='bbox 456 4255 576 4311; x_wconf 57' lang='lat' dir='ltr'><strong>uullaf*</strong></span> <span class='ocrx_word' id='word_1_291' title='bbox 1071 4267 1075 4276; x_wconf 82' lang='lat'><em>‘</em></span> 
     </span>
    </p>
   </div>
   <div class='ocr_carea' id='block_1_14' title="bbox 0 0 1446 4660">
    <p class='ocr_par' dir='ltr' id='par_1_15' title="bbox 0 0 1446 4660">
     <span class='ocr_line' id='line_1_42' title="bbox 0 0 1446 4660; baseline 0 0"><span class='ocrx_word' id='word_1_292' title='bbox 0 0 1446 4660; x_wconf 95' lang='lat' dir='ltr'><strong> </strong></span> 
     </span>
    </p>
   </div>
  </div>
 </body>
</html>
