2948 4662
828 379 864 440 0
1192 326 1254 391 261

142 506 229 574 capo
253 483 557 569 Hierosolymitano
581 485 761 572 Presbyter
781 483 954 553 ordinatas
976 494 1049 562 est:
1071 489 1256 577 eodemque

142 575 177 640 in
200 573 322 638 itinere
344 569 603 637 familiaritatem
625 590 697 637 oum
718 571 811 637 dolio
836 572 991 640 Africano
1016 575 1173 656 Junxisse
1202 576 1255 642 ai·

143 658 253 724 detur.
299 656 327 720 E
350 655 545 720 Palaestina
566 654 734 740 protectos
757 655 788 720 in
815 654 973 738 Achaiam
995 677 1154 725 summam
1180 661 1254 726 exi-

141 740 366 835 stimationem
394 745 495 824 atque
523 739 760 835 protectionem
789 739 1026 838 Episcopornm
1056 743 1147 808 illins
1177 763 1255 892 Kro-

143 826 276 890 vinciae
298 824 364 887 srhr
386 831 603 906 comparavit.
646 820 727 890 Cum
750 823 865 908 elapso
893 825 1023 890 biennio
1057 845 1100 892 ex
1127 829 1175 892 dc
1201 829 1254 911 aia

143 905 315 992 Origenes
338 907 514 991 presbyter
536 924 694 972 reversus
725 915 820 973 esset
842 908 1101 989 Alexandriam,
1135 929 1253 977 munus

145 991 289 1058 docendi
321 989 438 1056 iterum
472 991 632 1075 suscepit.
678 991 801 1058 Verum
835 993 912 1078 quia
935 991 1106 1080 Origenes
1138 1002 1254 1061 contra

143 1079 299 1162 antiquos
320 1074 498 1140 Ecclesiae
520 1094 667 1140 canones
724 1077 887 1159 reshyteri
918 1076 1116 1158 dignitatem
1146 1079 1253 1164 adep-

142 1169 199 1226 tus
223 1163 341 1231 luerat.
363 1157 527 1244 simulque
547 1160 580 1224 iu
605 1161 677 1242 ejus
697 1095 791 1224 Ohris
813 1179 890 1246 περι
909 1151 1019 1242 ἄρχων
1041 1175 1117 1228 tuno
1141 1163 1253 1248 publi-

144 1246 231 1310 catis
253 1242 341 1310 haud
365 1243 462 1308 leves
483 1261 614 1310 errores
645 1244 931 1328 proponebantur,
952 1246 1141 1313 Demetrius
1165 1249 1249 1314 ale-

143 1327 309 1394 xandriae
331 1327 519 1412 Episcopus
543 1326 708 1414 geminam
730 1327 896 1394 alluersus
918 1350 991 1396 eum
1015 1332 1130 1412 coegit
1150 1350 1251 1415 syno-

144 1414 232 1489 dum,
254 1433 318 1499 qua
340 1411 566 1477 communione
589 1411 766 1478 Ecclesiae
789 1411 948 1502 indignus
966 1413 1154 1496 judicatus,
1189 1413 1252 1480 do·

144 1497 245 1563 cendi
266 1514 400 1561 munere
421 1502 455 1561 et
477 1494 658 1561 sacerdotii
680 1495 846 1582 dignitate
870 1499 1019 1582 privatus
1042 1507 1095 1564 est
1123 1500 1165 1576 *p
1210 1497 1249 1562 ln

145 1579 387 1646 damnationem
415 1581 489 1663 ejus
512 1579 667 1646 Ecclesia
688 1581 840 1646 Romana
869 1601 911 1648 ac
942 1588 1031 1648 totns
1059 1583 1130 1648 lere
1161 1582 1251 1648 orbis

143 1663 355 1732 Christianus
378 1666 559 1731 consensit.
604 1663 691 1728 Huic
718 1665 909 1730 sententiae
941 1665 1065 1731 cedens
1094 1667 1252 1753 migravit

144 1749 177 1814 iu
201 1747 425 1814 Palaestinam
449 1755 550 1834 atque
571 1745 765 1814 Caesareae
787 1747 907 1814 abhinc
929 1749 1045 1816 sedem
1072 1751 1162 1826 lixit,
1189 1768 1251 1814 uo-

143 1853 220 1898 vam
241 1832 287 1898 ibi
308 1833 463 1917 aperiens
484 1831 632 1898 scholam
662 1851 682 1898 a
711 1831 857 1915 plurimis
887 1833 1029 1918 undique
1057 1835 1252 1918 frequenta-

144 1924 232 1994 tam,
260 1923 373 2002 utpote
396 1935 467 1981 com
491 1917 534 1982 ab
558 1916 734 2014 Episcopis
756 1915 846 1982 illius
870 1918 1017 2004 regionis
1040 1937 1167 1982 samma
1189 1935 1250 1982 ue·

144 2001 318 2070 secatione
344 2001 510 2066 coleretur
538 1996 716 2074 Origenes.
760 2001 894 2067 loterim
927 2002 989 2066 sub
1011 2000 1191 2066 hlaaimioo
1218 2005 1252 2064 et

145 2084 341 2171 pracsertim
363 2084 426 2148 sub
453 2084 556 2151 llecio
579 2081 722 2168 urgente
743 2085 977 2169 persecutione
1005 2087 1115 2150 inullis
1145 2083 1252 2148 modis

143 2176 304 2238 uexatus.
332 2178 432 2253 atqrrc
455 2169 486 2233 in
507 2167 601 2232 uaria
625 2169 697 2233 loca
720 2168 813 2256 prola
843 2187 901 2235 ere
923 2176 1078 2251 coactus,
1108 2167 1251 2253 donique

144 2255 226 2320 obiit
246 2253 326 2339 Tyri
348 2271 435 2320 anno
458 2251 583 2320 Christi
605 2253 669 2317 ‘253
691 2259 749 2319 aut
769 2189 844 2320 ¹255.

636 2462 764 2551 §.aa

420 2615 639 2678 Continentia.
688 2613 837 2700 Ora'gear‘r
863 2613 979 2700 Opera.

229 2779 397 2930 Oriffencs
420 2781 547 2870 ingenii
569 2781 621 2846 sni
645 2743 852 2871 monumenta
868 2781 941 2846 tere
958 2781 1127 2846 innumera
1143 2786 1252 2863 poste·

146 2866 234 2931 ritati
257 2887 294 2931 re
310 2867 412 2952 inuit,
435 2884 570 3014 tinorum
592 2875 701 2930 lamen
724 2865 892 2950 complura
913 2884 999 2930 aeuo
1023 2867 1093 2948 jam
1119 2862 1253 2928 Eusebii

145 2949 394 3017 interciderant.
457 2969 508 3014 mo
545 2949 583 3015 S.
620 2949 828 3036 Epiphanius
864 2951 984 3014 lamam
1022 2947 1253 3032 percrebuisse

145 3040 273 3113 narrat,
295 3053 358 3100 sex
380 3033 483 3100 millia
506 3032 659 3099 librorum
682 3034 724 3098 ab
745 3052 785 3100 eo
809 3034 914 3098 fnisse
935 3035 1142 3117 conscripta,
1165 3030 1252 3114 qarod

146 3124 254 3183 tamen
278 3135 472 3206 pernegare
493 3117 533 3184 S.
557 3117 780 3201 Hieronymus
803 3119 858 3182 vix
881 3119 1011 3182 tertiam
1025 3129 1152 3202 partem
1167 3127 1253 3206 (seu

144 3196 256 3286 uolo)
286 3203 426 3266 inveniri
453 3203 577 3267 asserit
598 3204 661 3270 ”a
705 3199 818 3287 Opera
840 3201 930 3283 ejus‚
960 3219 1046 3285 qrrae
1069 3199 1167 3268 hodie
1189 3221 1252 3269 ex-

146 3280 239 3359 tant,'
253 3286 423 3349 commode
444 3287 476 3349 in
500 3285 564 3351 duo
586 3303 716 3373 genera
736 3284 938 3361 dividuntur,
961 3304 1033 3348 cum
1056 3284 1123 3347 alia
1149 3285 1192 3350 ad
1214 3281 1252 3347 S.

147 3367 368 3449 Scriptum,
390 3369 442 3434 cui
463 3369 668 3436 indefessam
688 3389 821 3453 operam
844 3366 1070 3443 navavit‚alia
1087 3367 1252 3432 adTheo-

145 3451 270 3548 logiam
293 3451 368 3516 sivo
390 3451 603 3520 theoreticam
625 3456 701 3519 sive
723 3453 902 3538 practicam
919 3450 1117 3534 pertineant.
1141 3449 1253 3536 Opera

144 3535 247 3611 idrus,
269 3553 356 3621 qnae
379 3533 417 3602 S.
427 3536 633 3621 scripturam
657 3543 860 3601 concernunt
882 3535 999 3620 partim
1023 3536 1142 3597 critica
1164 3541 1255 3611 sunt,

145 3619 263 3703 partim
293 3622 472 3704 exegetica.
518 3622 658 3710 lusigne
692 3620 796 3706 primo
825 3621 974 3685 meritum
1002 3616 1045 3684 dc
1072 3637 1109 3684 re
1138 3617 1254 3686 critica

146 3789 356 3804 ψ

202 3897 1250 3960 ἣΜπωἯῶΜΜΜΜΜΜΆιΜΜ-Μ

250 3977 278 4024 s.
298 3975 460 4038 hieronym.
481 3977 546 4023 adv.
568 3975 655 4025 Euda.
677 3977 727 4025 nb.
748 3978 783 4025 lt.
804 3989 832 4026 u.
854 3973 896 4026 18.

179 4063 235 4132 **)
253 4071 435 4134 &Epiphania
456 4073 565 4156 haeres.
585 4069 632 4124 oo.
652 4087 680 4122 o.
699 4072 745 4125 63·
792 4074 880 4124 liudo.
909 4072 958 4121 llb.
986 4072 1021 4120 de
1047 4071 1253 4150 adulteratione

248 4139 627 4272 lltllffll'tl‘tlttllt:
638 4143 863 4266 Effluit:
876 4137 1127 4264 dllssllddll
1144 4141 1253 4267 33¹3}ss

250 4291 279 4330 u·
300 4279 328 4331 7.
527 4313 531 4318 -
