2880 4660
1165 339 1229 408 238

114 511 327 584 derivarunt,
350 516 385 574 nt
407 527 450 575 ex
472 507 546 596 ipsa
562 510 631 594 jam
654 507 773 574 arbore
795 507 1012 575 concludatur
1034 507 1079 574 ad
1104 509 1232 576 fructus

114 597 171 686 (a.
193 587 380 682 ἰτ-31.)
1326 609 1334 622 ’

200 705 310 772 Libro
335 701 380 770 ll.
410 703 616 790 argumentis
642 723 685 770 ex
706 703 781 770 sola
804 703 931 770 ratione
955 705 1067 787 petitis
1089 703 1230 771 Gnosti·

113 809 240 866 rorum,
268 790 465 876 praesertim
476 787 794 862 Valentinianorum,
819 798 1003 854 commenta
1027 789 1166 855 destruit
1186 790 1230 866 ‘),

113 875 317 948 osteudens,
340 893 434 938 unum
457 871 559 938 solum
582 893 769 958 supremum
784 871 886 939 lleum
909 874 1008 938 etiam
1031 871 1231 940 esseCrea-

114 969 221 1024 torem
244 956 357 1024 tutundi
379 957 522 1022 visibilis
545 957 672 1042 absque
695 955 761 1023 ullo
785 957 849 1022 ulio
873 958 995 1022 arixilio
1019 957 1075 1023 vel
1097 956 1228 1023 media-

116 1051 191 1108 tore
214 1043 398 1127 Demiurgo
422 1051 476 1106 aut
500 1042 626 1127 angelo
655 1039 714 1130 [c.
740 1037 926 1128 l-ll,],
964 1042 1112 1107 Aettnum
1145 1059 1226 1106 vero
1265 1095 1270 1106 ,

115 1127 361 1192 emanationem
395 1123 632 1212 impossibilem
663 1145 760 1199 esse,
796 1126 882 1190 sicut
914 1125 1032 1200 etiarn,
1069 1127 1155 1211 qua'e
1187 1124 1229 1191 de

115 1212 270 1275 aleonum
294 1214 431 1282 nutura,
454 1227 605 1284 ntttnern,
640 1207 850 1294 diversisque
872 1210 1061 1274 muneribus
1092 1207 1230 1274 ano-

114 1295 214 1360 sticis
238 1294 393 1358 lubrrlosa
415 1300 591 1356 narrantur
612 1289 666 1377 (c.
693 1287 868 1377 ta-ta.);
906 1301 1105 1376 argumenta
1136 1311 1229 1372 vero,

115 1397 206 1462 «puae
230 1375 382 1444 Gnostici
404 1397 445 1442 ex
470 1375 508 1442 S.
530 1373 724 1459 scripturae
747 1377 909 1452 numeris,
932 1375 1054 1453 literis,
1083 1375 1227 1460 syllabis

116 1470 177 1527 ant
202 1461 376 1558 parabolis
408 1459 450 1526 ad
484 1459 686 1524 stabilienda
717 1479 781 1525 sua
816 1461 943 1526 somnia
978 1461 1230 1547 depromebant,

117 1549 236 1611 inaura
256 1561 333 1612 esse
355 1545 571 1622 demonstrat,
594 1542 736 1630 egregie
759 1544 931 1612 disserens
951 1545 993 1610 de
1011 1545 1228 1618 necessitate,

116 1630 227 1695 malta
253 1627 351 1694 etiam
379 1629 507 1713 absque
534 1636 710 1712 perspecta
739 1627 870 1696 interna
898 1631 1025 1695 ratione
1056 1626 1228 1706 credendi,

115 1721 153 1780 et
177 1712 221 1779 de
243 1713 412 1790 limitibus,
446 1713 564 1798 quibus
587 1713 875 1780 circumscribatur
896 1713 1038 1778 lcumena
1062 1715 1103 1778 de
1127 1713 1227 1777 rebus

114 1797 245 1862 divinis
272 1797 433 1862 scrutatio
463 1802 498 1862 et
529 1796 674 1880 cognitio
698 1797 759 1886 [c.
782 1799 824 1862 20
840 1837 881 1848 -
896 1793 991 1885 ⁸28.)
1041 1797 1122 1862 Cum
1147 1813 1228 1861 vero

115 1881 272 1948 Gnostici
301 1883 402 1947 etiam
429 1879 472 1946 ad
504 1881 659 1946 miracula
692 1903 712 1945 a
741 1883 811 1948 suis
835 1887 967 1978 patrata
995 1886 1227 1966 provocarent,

116 1967 183 2031 ltoc
217 1981 346 2052 quoqne
379 1975 610 2050 argttmeututu
647 1967 729 2049 ipsis
765 1966 862 2050 eriptt
898 1965 1105 2042 ostendeus,
1142 1962 1228 2049 quud

115 2058 300 2136 praetensa
322 2069 434 2114 eorum
457 2050 614 2115 miracula
634 2051 859 2127 characteres,
882 2051 1002 2136 quibua
1024 2067 1108 2114 vera
1129 2047 1230 2113 mira·
1286 2067 1290 2076 ·

114 2134 205 2213 carle,
229 2141 266 2200 nt
289 2153 310 2199 a
333 2135 431 2200 falsis
450 2132 693 2210 discernantur,
712 2135 876 2221 insignita
899 2153 978 2202 esse
1001 2132 1124 2200 debent
1142 2130 1228 2197 baud

114 2238 200 2306 prae
222 2237 262 2285 sc
284 2219 394 2285 ferant
416 2214 470 2305 (c.
492 2213 581 2304 31).
625 2219 711 2287 Dein
733 2237 845 2286 eurum
867 2219 1069 2286 sententiam
1092 2217 1135 2284 dc
1156 2216 1229 2302 spi-

113 2303 232 2370 rituali
262 2300 496 2369 Gnosticorum
527 2311 667 2382 natura,
704 2303 747 2370 de
778 2305 1058 2372 consummatione
1086 2301 1228 2368 omnium

113 2407 230 2454 rerum
257 2393 292 2452 at
319 2386 363 2453 de
392 2388 635 2453 resurrectione
667 2396 873 2465 mortuorum,
897 2407 995 2472 qrram
1033 2384 1230 2460 inficiantur,

116 2472 313 2538 subsistere
333 2490 397 2537 uon
420 2487 521 2555 posse
541 2469 766 2548 demonstrat,
797 2471 1026 2554 migrationem
1050 2470 1230 2532 animarum

117 2557 157 2620 in
182 2554 280 2619 varia
301 2573 434 2637 corpora
463 2553 630 2626 rettrndit,
663 2561 698 2619 et
726 2553 824 2636 impia
845 2571 956 2617 eornm
979 2551 1139 2635 dogmata
1161 2566 1232 2612 mo-

118 2659 194 2705 rum
217 2639 409 2728 perstringit
432 2632 493 2722 [c.
519 2642 568 2702 tu.
598 2641 650 2704 29,
677 2639 728 2702 30.
751 2630 947 2718 32-34.).
1005 2635 1229 2729 Posteaquam

117 2741 205 2788 vero
228 2722 312 2786 libro
332 2724 477 2789 secundo
499 2722 757 2788 Valentinianos
787 2739 849 2786 suo
878 2727 913 2785 at
943 2718 1114 2806 plurimum
1137 2735 1232 2800 apso·

91 2827 190 2874 ·rum
220 2805 336 2890 gladio
357 2808 546 2894 jugulavit,
569 2813 669 2893 utque
692 2823 822 2871 errores
843 2822 955 2870 eorum
977 2803 1127 2889 stirpitus
1148 2818 1231 2867 con·

115 2891 245 2966 vulsit,
279 2893 393 2977 petitis
418 2911 462 2956 ex
490 2891 578 2956 falsa
606 2893 819 2977 ipsorummet
847 2890 999 2955 doctrina
1025 2887 1232 2974 argumentis

116 2983 153 3042 et
175 2976 371 3054 rationibus,
393 2976 477 3041 libro
494 2975 555 3040 lll.
579 2981 614 3040 et
634 2975 850 3061 sequentibus
873 2974 915 3040 ad
939 2992 999 3040 eos
1022 2975 1133 3036 clitorio
1148 2969 1227 3032 Tru·

116 3061 257 3122 editionis
286 3069 316 3122 et
348 3063 382 3124 S.
408 3062 604 3140 Scripturas
624 3063 824 3123 auctoritate
852 3057 1058 3126 refellendos
1088 3072 1231 3204 proffte-

118 3144 222 3210 ditur.
249 3142 423 3228 Duplicem
445 3142 499 3208 bic
521 3161 600 3210 esse
621 3143 770 3210 ostendit
790 3143 914 3208 fontem
937 3141 1089 3207 veritatis
1110 3159 1132 3204 a
1168 3141 1226 3204 leo

119 3245 185 3312 per
202 3225 368 3294 Christum
389 3228 581 3304 revelatae,
615 3227 836 3292 Truditiuuem
863 3225 1013 3300 seilicet,
1042 3243 1128 3309 quae
1150 3223 1254 3300 inde¹

121 3311 168 3374 ab
192 3309 371 3396 apostolis,
393 3331 477 3397 quos
499 3312 574 3396 ipse
596 3311 751 3378 cbristus
773 3309 837 3374 Dei
859 3309 975 3385 Filius,
997 3315 1136 3372 aeterna
1156 3305 1230 3370 Ve-

120 3395 222 3472 ritas,
253 3393 435 3462 doctrinam
463 3397 582 3460 salutis
609 3397 758 3472 edocuit,
791 3400 825 3460 et
847 3393 994 3478 Spiritus
1018 3389 1058 3459 S,
1080 3388 1233 3475 perlecta

116 3479 265 3544 scientia
291 3477 460 3564 implevit,
491 3497 550 3565 per
577 3480 812 3546 successiones
834 3477 1073 3564 Episcoporum
1104 3474 1136 3538 in
1157 3478 1231 3542 tottt

117 3561 279 3628 Ecclesia
308 3565 503 3646 praesertim
538 3582 618 3630 vero
647 3565 680 3628 in
710 3563 860 3626 Romanu
891 3559 1093 3632 custoditur,
1127 3563 1162 3623 et
1193 3563 1228 3616 «ι’.

118 3648 333 3725 Scriptorum
355 3649 511 3711 ‹dr'tr'rrt'tut
531 3649 738 3729 t'urpt'ratum.
791 3644 889 3710 Unde
917 3644 1085 3710 cottcluddd
1112 3639 1228 3708 asota

116 3729 291 3806 Ecclesia,
317 3727 510 3808 catholica,
532 3731 737 3797 Traditionis
763 3738 798 3794 et
820 3729 993 3794 doetrinae
1017 3726 1229 3813 Apostolicae

117 3813 264 3880 custode
286 3814 503 3891 fidelissima,
527 3818 702 3898 petendam
722 3833 804 3880 esse
825 3813 1023 3900 veritatem3
1053 3829 1126 3878 eam
1149 3827 1230 3876 vero

116 3899 324 3965 annuntiare
349 3919 448 3967 ιιιιιιιιι
471 3899 577 3966 lleum
606 3899 878 3986 omnipotentem,
906 3896 1064 3964 factorem
1087 3894 1171 3962 coeli
1195 3897 1229 3958 et

116 4100 335 4118 ἡ

169 4235 201 4295 *t
220 4238 307 4302 Quam
325 4243 361 4292 ub
380 4255 490 4294 causam
505 4224 532 4294 tn
542 4247 691 4295 eomndem
703 4243 871 4296 relutattune
883 4245 950 4296 baec
964 4239 1126 4304 argumento
1143 4237 1225 4292 W·

229 4313 333 4374 mutuat,
351 4316 411 4376 lpse
429 4317 520 4377 aperit
538 4317 588 4367 llb.
607 4318 643 4364 ll.
664 4329 690 4366 c·
712 4317 754 4366 tt.
773 4329 803 4366 n·
823 4317 850 4367 2·
