2866 4668
1144 335 1207 402 iti

96 509 161 579 tior
182 505 226 576 sil
248 479 478 594 virginitstem
502 503 650 590 proxime
672 499 825 578 accedet,
846 499 1084 570 excellentiam
1107 523 1209 591 prne·
1309 481 1318 496 ’

98 595 214 662 dicare
236 599 338 678 atque
360 589 403 655 sd
426 607 499 656 cam
522 587 695 656 colendam
719 586 839 653 viduas
866 584 990 653 hortari
1017 606 1211 678 aggressus
1315 597 1319 606 “

96 687 163 748 est.
207 677 305 744 Hunc
327 676 360 740 iu
383 674 481 740 inem
505 691 570 739 ooo
591 673 696 740 solum
724 669 960 739 excellentiam
985 672 1083 738 istam
1111 674 1211 744 testi·

99 762 210 830 monio
232 759 271 828 S.
296 759 390 826 l'sull
414 759 532 842 probat
555 761 602 837 (c.
627 761 694 831 1.),
723 754 785 821 sed
813 755 914 822 ctiam
937 771 1051 823 veroni
1076 758 1210 826 vidusm

91 850 192 932 Juxta
213 843 356 914 eundem
380 843 579 927 Apostolum
602 839 764 916 describit,
783 844 829 918 (c.
852 843 921 916 2.),
954 859 997 906 oc
1024 844 1127 910 mults
1147 842 1211 910 bu-

96 929 242 1014 iusmcdi
265 928 438 994 viduarum
462 925 617 1013 exemplo
639 943 681 990 ex
696 924 813 990 Veteri
836 925 978 991 ctNovo
992 926 1210 1015 'l'cstamcoto

96 1017 195 1082 sieri
224 1023 270 1088 (c.
303 1013 432 1094 3·-·i.)3
462 1007 599 1076 tandem
630 1008 751 1074 uiduus
785 1008 990 1094 generatim,
1027 1013 1060 1078 io
1095 1013 1211 1099 specie

97 1118 181 1166 uero
202 1098 315 1174 illam,
348 1099 441 1180 cujus
470 1094 648 1182 occasione
678 1092 794 1158 librum
824 1093 925 1158 istum
954 1098 1212 1182 conscripserat,
1275 1140 1284 1149 -

96 1182 268 1267 compellit
288 1179 331 1246 sd
356 1175 641 1264 perseverandum
664 1178 696 1242 in
720 1176 789 1240 vitu
812 1175 960 1248 coelibe.
992 1183 1086 1262 cujus
1107 1199 1212 1247 sane.

95 1269 243 1342 litatem,
266 1281 417 1344 mutiero,
450 1262 659 1354 ,nuptiasque
681 1259 841 1337 uirtutes,
865 1268 990 1347 quanin
1019 1265 1111 1330 valet
1132 1285 1213 1332 ver·

97 1353 211 1418 boru-
235 1348 407 1426 citicacio,
429 1283 607 1423 suscribit,
628 1343 726 1439 simol
748 1342 949 1422 osteudens,
972 1349 1120 1413 rabones
1141 1367 1213 1414 om·

101 1452 284 1597 oesmqurss
305 1427 946 1600 instgggiffiirtitssa?czesgntesegf-nff)
960 1434 1093 1517 cuptiss
1108 1432 1213 1514 conli-

102 1535 181 1586 cere
241 1534 326 1583 eves
778 1555 785 1570 ·
917 1555 958 1576 ..

205 1629 252 1727 4)
281 1625 404 1704 Liber
429 1627 476 1702 do
508 1625 752 1726 Virpinilulc,
775 1641 830 1743 quii
852 1661 894 1707 ex
917 1641 1024 1732 variis
1046 1643 1213 1710 sermoni-

99 1731 164 1798 bus
185 1735 321 1797 constat
341 1735 377 1794 et
399 1729 488 1806 circu
511 1746 543 1792 n.
565 1725 639 1792 aie.
663 1733 872 1810 cooscnptus
895 1733 958 1802 cst,
986 1725 1073 1794 buucl
1096 1728 1214 1794 incone-

97 1833 186 1901 groo
221 1815 392 1900 utriusque
430 1809 551 1898 Operis
579 1811 728 1898 proxime
761 1810 997 1897 proecedeotis
1036 1810 1215 1897 Appendix

98 1899 217 1966 vocari
245 1904 374 1986 potest,
401 1897 554 1981 quumvis
584 1894 796 1970 nihilominus
822 1913 909 1961 uere
940 1913 1068 1982 perse
1097 1897 1215 1962 subsi-

99 1989 172 2050 stat
192 1984 242 2062 ⁶).
288 1983 368 2048 Post
390 1980 666 2047 introductionem
689 1989 744 2045 sut
766 1979 946 2066 prolixam,
972 1979 1005 2045 iu
1029 1999 1094 2066 uua
1117 1999 1217 2068 prac-

101 2069 202 2153 cipue
223 2071 336 2132 votum
358 2067 391 2131 in
415 2066 539 2150 proelio
563 2083 585 2130 a
605 2063 731 2150 Jepbte
753 2073 974 2150 nuncupatum
1003 2071 1037 2146 et
1064 2074 1216 2132 secutum

98 2159 223 2240 postea
245 2151 334 2217 tiliae
351 2149 551 2228 ,sacrificium
574 2157 751 2216 enarratur
773 2158 873 2233 atque
902 2150 1099 2234 expenditur
1129 2153 1176 2228 tc,
1198 2152 1216 2216 l

101 2240 207 2312 -2.),
231 2235 368 2322 primum
391 2255 431 2302 se
454 2233 606 2300 detenuit
627 2232 793 2299 adversus
815 2253 887 2314 eos,
910 2235 965 2320 qui
988 2235 1093 2320 ipsum
1117 2253 1216 2302 occu·

99 2320 243 2397 subniti,
277 2320 362 2405 quod
387 2321 616 2404 virginitatem
644 2317 867 2384 immoderatis
896 2322 1030 2385 etlerret
1059 2320 1217 2386 laudibus

102 2402 307 2490 etuirginis
329 2401 502 2485 cujusdam
528 2401 661 2485 nuptias
689 2401 824 2467 illicitus
852 2403 1063 2488 prohibuerit.
1125 2399 1218 2483 Quo·
1277 2479 1282 2486 ¹

79 2491 241 2574 ,propter
261 2487 379 2551 iterum
402 2485 608 2572 virginitatis
632 2485 868 2580 protestantium
892 2492 926 2550 et
948 2485 1117 2551 commoda
1134 2506 1219 2572 pau-

101 2568 155 2636 cis
177 2566 323 2648 exbibet,
345 2568 495 2666 illudque
517 2569 609 2633 tritae
630 2571 814 2634 institutum
830 2589 915 2654 „nec
932 2570 1110 2653 improbum
1126 2589 1218 2652 esse,
1304 2645 1309 2653 ,

102 2671 170 2720 neo
193 2670 326 2732 nouum,
348 2671 411 2717 uec
433 2649 571 2718 inutile“
594 2671 632 2716 ur
661 2653 802 2718 umentis
824 2653 960 2731 evincit,
981 2653 1136 2740 singulas
1155 2653 1219 2721 atl-

101 2736 559 2890 ieniuniniio
579 2671 693 2886 till
715 2737 1069 2888 rennuunt·
1091 2737 1218 2892 nii

103 2903 236 2971 Cantici
260 2891 469 2972 cantieorum
492 2841 676 2980 satifftuse
699 2841 806 2984 obser,
829 2845 979 2990 cucuso,
1002 2905 1056 2974 ubi
1078 2845 1113 2974 eq
1135 2927 1219 2995 quo-

105 2988 205 3056 modo
227 2987 382 3056 Christus
412 2989 530 3077 inquiri
562 2987 688 3066 debeat
721 3007 742 3054 s
770 2990 980 3078 uirginibus,
1012 2992 1089 3078 qnid
1122 3009 1219 3077 porro

105 3075 251 3140 animam
275 3081 448 3160 praestaro
471 3079 638 3160 oporteat,
659 3078 696 3140 ut
717 3071 885 3140 Christum
909 3084 1067 3161 quaerat,
1087 3082 1123 3142 et
1145 3077 1220 3160 ipsa

103 3166 287 3244 quaeratur
309 3156 505 3234 schristo,
538 3176 601 3224 nec
629 3176 694 3222 non
725 3165 761 3222 ut
789 3158 928 3228 eundem
959 3160 1048 3224 intus
1071 3159 1220 3244 excipiat

104 3245 211 3325 atque
232 3239 374 3304 retineat
404 3249 449 3315 tc.
477 3239 625 3316 8-18.).
674 3237 825 3304 'l'uudem'
860 3259 903 3305 cx
932 3243 1111 3307 occasione
1140 3242 1221 3307 lecti

104 3321 283 3409 evangelii
305 3328 475 3409 comparui
496 3321 723 3389 institutiones
745 3323 964 3389 ministrorum
986 3323 1220 3407 iesucbrisri,

106 3405 320 3556 quipueitas
342 3412 377 3504 ct
398 3406 519 3473 viduos
541 3404 842 3555 ⁸⁴¹.⁰⁰1'J¹“⁰‘?¹¹²⁵⁸¹¹¹
864 3406 1048 3488 bortsutor,
1061 3419 1137 3512 cum
1157 3410 1220 3476 mi·

104 3490 480 3662 {ilriiiiiiiigri
493 3490 1221 3662 iiiitoiiiiiiiiiitziipiii·

110 3759 321 3777 ᾖ

165 3877 198 3945 *l
215 3885 328 3938 bibrum
349 3888 421 3938 bunc
439 3900 490 3950 psr
507 3901 538 3940 se
555 3891 728 3950 subsistere,
747 3903 781 3942 sc
799 3895 915 3954 proinde
933 3905 1074 3956 perperam
1094 3899 1122 3948 iu
1143 3895 1220 3958 prib-

216 3956 294 4004 ribus
320 3960 491 4010 enitionibus
514 3959 583 4022 opu.
608 3964 637 4010 s.
665 3962 803 4013 Ambrosii
829 3964 874 4014 ret
899 3963 1003 4017 libr-orn
1030 3974 1162 4032 quartum
1186 3969 1220 4020 de

218 4023 402 4092 Pupiniam,
429 4030 477 4079 vel
503 4029 608 4081 tibnrrn
631 4033 782 4084 secundum
799 4027 833 4084 de
856 4033 954 4086 l'itiuir
978 4037 1139 4100 inscriptum
1158 4049 1221 4090 osse

216 4095 301 4147 cleris
319 4101 348 4147 st
367 4099 596 4151 ineluctabilibus
613 4105 783 4168 argumentis
803 4106 935 4156 evincunt
960 4109 1082 4157 editores
1100 4109 1221 4160 blnurlol

216 4167 245 4215 lo
271 4167 411 4218 admouit.
439 4171 511 4221 ltirro
539 4171 602 4222 butc
627 4175 756 4235 praefixa.
805 4171 873 4226 [lum
898 4175 998 4226 librum
1023 4177 1051 4224 S.
1079 4179 1221 4229 Ambrosii

217 4239 367 4356 moliturum
397 4250 458 4289 esso
489 4241 607 4305 tostum,
638 4248 749 4294 omnino
772 4244 861 4308 liquet
887 4257 922 4296 cx
950 4260 979 4296 o·
1006 4242 1049 4297 46.
1082 4251 1221 4328 ipsiusmet
