2948 4662
193 479 351 548 cantibus
373 485 475 558 atnuc
497 479 713 546 exorantibus
736 475 867 544 Domini
887 479 1163 554 misericordiam,
1186 499 1309 546 secun-

193 565 272 632 dum
297 563 383 650 quod
408 563 466 628 illo
487 564 674 630 misericors
697 573 731 628 ut
755 565 828 645 pius
851 570 914 637 est,
939 585 995 646 per
1018 565 1213 630 sacerdotes
1234 567 1309 647 ejus

199 669 318 732 pacem
343 667 443 733 posse
467 647 625 712 concedi‘
648 645 726 737 (ep.
750 653 801 712 52.
826 668 857 732 p.
883 643 1075 734 132-33.)
1122 648 1204 714 Cum
1227 668 1309 713 uero

195 733 381 798 Novatiani
403 730 558 797 asseclae
580 735 703 798 acriter
725 739 953 818 premerentur
975 750 996 796 a
1018 731 1057 798 S.
1078 733 1246 817 Cypriano
1273 740 1308 798 et

195 818 274 883 aliis
298 816 460 892 Patribus,
483 817 538 901 qni
560 834 624 880 non
648 817 721 882 sine
744 836 871 882 summa
892 817 1023 898 injuria,
1056 836 1152 900 qrrrrm
1175 817 1307 882 renium

197 901 419 966 atrocioribus
443 901 601 984 peccatis,
624 900 795 965 homicidio
817 906 853 965 et
874 901 1049 981 adulterio,
1066 901 1306 980 concedebant,

197 986 289 1050 illam
311 984 394 1050 sniis
415 985 523 1067 lapsis
544 986 664 1070 negari
687 985 962 1048 demonstrabant
976 981 1061 1073 (ep.
1095 989 1146 1050 5⁶2.
1172 1007 1202 1070 p.
1235 987 1306 1050 131.

196 1063 309 1154 seu),
330 1087 371 1134 eo
394 1066 536 1153 denique
558 1070 720 1153 compulsi
742 1075 837 1136 srrnt,
861 1075 896 1133 nt
920 1077 1059 1153 peccata
1088 1072 1197 1134 omnia
1225 1088 1306 1134 con-

195 1153 376 1219 tenderent
396 1171 504 1236 aeque
528 1173 607 1218 esse
629 1152 879 1218 irremissibilia.
920 1153 1040 1218 Puduit
1062 1162 1170 1216 tamen
1194 1172 1306 1218 eornm

195 1245 386 1302 sectatores
409 1235 506 1320 hujus
527 1237 710 1316 amentiae,
736 1243 854 1320 postea
875 1238 960 1302 enim
984 1256 1048 1302 non
1073 1238 1227 1315 defuere,
1250 1239 1306 1312 riui

195 1322 286 1388 hanc
306 1323 504 1386 sententiam
527 1321 568 1386 ad
592 1322 667 1386 sola
689 1322 849 1406 graviora
872 1323 1007 1385 crimina
1029 1323 1213 1386 restrictam
1231 1320 1306 1386 vel-

198 1407 279 1472 lent.
303 1403 408 1472 Secta
420 1405 513 1484 haec,
526 1407 679 1490 quamvis
690 1407 801 1470 statim
811 1405 854 1470 air
868 1404 959 1470 initio
970 1404 1308 1490 aS.Cyprianostre·

196 1510 264 1556 nne
286 1491 483 1577 impugnata
505 1498 540 1555 et
561 1510 582 1556 a
603 1491 788 1555 numerosis
811 1489 960 1558 conciliis
977 1498 1043 1555 tam
1055 1491 1190 1567 Romae,
1207 1509 1305 1574 uriam

197 1573 406 1660 Carthagine
428 1573 551 1640 habitis
574 1574 731 1639 drumnata
752 1575 795 1650 *a
817 1593 880 1638 non
903 1580 1014 1639 tanuen
1039 1576 1170 1661 penitus
1193 1574 1306 1638 extin-

196 1659 256 1743 gui
281 1659 400 1742 potuit,
428 1679 469 1724 ac
492 1658 703 1724 vanissimum
725 1658 790 1722 sihi
811 1656 992 1740 hanape»,
1014 1659 1034 1722 i.
1057 1677 1087 1723 e.
1116 1659 1305 1723 mundorum

196 1761 314 1808 nomen
332 1760 354 1807 a
371 1741 541 1827 principaii
564 1760 625 1808 sno
648 1741 808 1827 dogmate
829 1746 1012 1832 arrogavit.
1035 1741 1212 1808 llaecfere
1225 1760 1307 1808 con-

197 1828 346 1914 tigerunt
367 1845 454 1893 anno
476 1832 550 1894 251.
573 1835 609 1894 et
629 1831 703 1892 252.

694 2036 732 2126 S.
755 2048 808 2114 88.

199 2188 235 2252 8.
262 2171 422 2274 Cypriani
443 2189 562 2274 agendi
584 2192 671 2290 rutr'o
694 2212 772 2334 erga}
786 2190 913 2289 lapaut.
961 2187 1083 2253 Novati
1104 2211 1143 2251 oc
1165 2185 1307 2252 l'ettctr-

630 2296 700 2336 rrrnt
724 2293 870 2339 rcrtrrnu.

283 2441 416 2507 lnterim
453 2459 557 2508 cansa
579 2441 745 2523 lapsorum
773 2438 938 2526 singulari
969 2438 1143 2524 prudentia
1172 2444 1206 2502 ct
1239 2440 1306 2504 cir-

199 2526 443 2610 cumspectione
475 2544 496 2590 a
530 2523 568 2592 S.
589 2524 757 2611 Cypriuno
787 2530 930 2588 tractata
958 2531 1021 2588 est.
1080 2523 1197 2604 ltaque
1220 2519 1305 2586 Car-

199 2609 340 2697 thagine
362 2610 520 2692 „concilio
550 2610 742 2694 treqrrenter
772 2609 884 2684 acto,“
914 2605 994 2672 ie.
1024 2623 1129 2690 saepe
1152 2606 1306 2690 repetito,

198 2694 246 2760 ita
271 2701 305 2760 ut
332 2693 526 2779 quibusdam
549 2692 730 2781 Episcopis
752 2690 960 2780 Carthagine
988 2690 1202 2766 abeuntibus,
1232 2689 1306 2837 aui-

198 2779 336 2845 husdam
369 2779 628 2848 succedentibus
663 2777 885 2843 continuatum
922 2773 1161 2861 quodammodo
1196 2773 1231 2838 vi
1256 2773 1306 2838 eri

197 2869 329 2948 posset,
349 2864 452 2947 primo
475 2862 606 2950 quidem
628 2881 712 2948 pace
734 2861 911 2928 Ecclesiae
938 2860 1094 2926 restituta
1128 2857 1183 2946 (a.
1207 2851 1306 2942 aot.)

198 2947 369 3014 decretum
393 2952 464 3021 est,
493 2952 549 3031 „ut
569 2965 630 3013 nec
651 2947 684 3010 in
707 2954 809 3012 totum
830 2964 912 3032 spes
934 2942 1238 3010 communicationis
1273 2951 1307 3006 et

195 3032 290 3118 pacis
312 3031 419 3114 lapsis
441 3030 677 3120 denegaretur,
691 3049 733 3097 ne
757 3030 832 3116 ptus
855 3030 1091 3115 desperatione
1113 3025 1307 3101 deficerent,

198 3135 262 3184 nec
283 3121 395 3180 tamen
427 3135 540 3183 rursus
568 3135 712 3182 censura
737 3114 939 3201 evangelica
966 3112 1168 3190 solveretur,
1200 3117 1235 3175 nt
1264 3110 1307 3175 od

197 3198 523 3265 communicationem
552 3206 676 3265 temere
705 3198 914 3284 prosilirent,
941 3195 1005 3262 sed
1042 3195 1229 3260 traheretur
1253 3194 1309 3259 din

199 3282 406 3368 poenitentia
435 3287 469 3347 ct
501 3291 678 3374 rogaretur
706 3282 859 3348 dolenter
894 3285 1035 3366 paterna
1068 3279 1310 3373 clementianet

199 3365 470 3432 examinarentur
492 3385 616 3434 causae
639 3373 674 3433 et
695 3367 888 3434 voluntates
908 3369 944 3429 et
975 3363 1200 3428 necessitates
1236 3379 1308 3424 sin·

226 3450 395 3530 olorum,“
426 3450 470 3516 ad
488 3453 610 3536 justam
633 3451 779 3536 singulis
803 3446 1037 3534 poenitentiam
1067 3443 1309 3530 imponendam.

196 3471 318 3620 ῗῑιιᾳυε
341 3536 536 3602 examinatis
558 3538 671 3602 causis
694 3535 899 3620 singulorum
923 3529 1112 3604 libellatici,
1142 3529 1195 3626 qui
1225 3526 1309 3592 huc-

195 3637 303 3704 usque
324 3621 561 3705 pocniteutiam
584 3627 739 3707 egerant.
759 3619 870 3682 statim
894 3615 1019 3702 inipso
1043 3613 1184 3680 concilio
1218 3630 1307 3677 com-

195 3703 340 3770 munioni
364 3704 506 3770 restituti
528 3713 621 3784 sunt,
644 3701 926 3770 sacrificatoribus
949 3707 1057 3765 rurtem
1080 3697 1304 3784 „poenitentia

197 3787 329 3873 piena,“
352 3809 438 3874 qrrae
462 3789 594 3874 peccati
616 3787 779 3876 gravitati
801 3785 1055 3852 circumstantiis
1080 3782 1229 3847 omnihus
1250 3801 1307 3847 se-

198 3872 276 3938 dulo
300 3874 492 3955 ponderatis
515 3872 751 3958 responderet,
777 3870 932 3956 imposita
954 3875 1026 3945 cst,
1058 3868 1104 3932 itu
1128 3878 1254 3944 tamen,
1274 3873 1309 3928 ut

197 3957 226 4021 si
262 3965 340 4024 ante
370 3958 432 4024 hoc
463 3964 593 4043 tempus
622 3957 772 4043 elapsum
803 3954 982 4042 periculum
1014 3955 1127 4018 mortis
1162 3957 1308 4038 urgeret,

199 4157 409 4175 ψ

225 4279 283 4345 ,n
299 4283 404 4337 nmen.
424 4284 474 4340 ru.
495 4283 521 4336 o.
543 4298 569 4335 c.
588 4281 635 4338 tt.
