2948 4662
227 337 289 402 306

230 504 300 568 late
324 500 469 586 patebat,
492 456 679 562 Ecclesiam
702 492 905 582 gravissima
938 495 1076 580 negotia
1112 491 1218 561 literis
1247 494 1340 562 datis

229 587 284 652 vel
309 584 485 670 prrrblioatis
508 581 641 666 seriptis
662 587 890 665 componeret,
920 579 1102 644 schismata
1130 581 1248 646 oborta
1274 599 1340 646 ex-

228 673 415 758 tingueret,
445 668 604 730 haereses
636 673 716 728 tuuc
744 663 946 748 pullulantes
968 667 1172 746 reprimeret.
1218 663 1278 730 Sic
1300 674 1339 730 nt

228 756 374 822 schisma
395 750 576 816 Novatiani
597 748 790 827 sedaretur,
819 759 882 812 non
905 747 1033 813 Romae
1062 749 1187 824 solam,
1222 769 1338 816 verona
1457 817 1458 822 ,

134 844 140 855 ’
229 841 328 906 etiam
351 836 463 901 miultis
482 834 557 899 aliis
579 835 611 899 in
636 833 734 910 loeis,
757 833 953 916 praesertim
985 851 1065 897 vero
1101 833 1133 898 in
1168 835 1339 919 Aegypto,

230 923 340 1008 Syria,
364 919 557 985 Palaestina
578 927 613 984 et
637 919 810 991 Armenia,
833 934 1084 1002 prosperorum
1108 926 1231 983 eventu
1255 937 1339 1003 ope-
1457 941 1458 944 ¹

229 1027 299 1072 ram
321 1025 414 1070 suam
437 1003 634 1088 interposuit
656 1003 705 1074 ').
759 1001 852 1065 hlota
871 999 1012 1086 posthae
1035 1002 1265 1067 controversia
1295 1002 1341 1068 de

230 1090 395 1176 hrrptismo
417 1088 665 1164 haeretieorum,
688 1083 726 1150 S.
750 1085 943 1169 Dionysius,
965 1085 1039 1171 ipse
1061 1103 1175 1152 veram
1198 1092 1340 1152 senten-

230 1179 309 1242 tiam
332 1173 523 1259 amplexus,
547 1178 721 1237 atriorum
742 1168 887 1234 schisma
909 1168 1098 1255 impediret,
1125 1167 1339 1256 Stephanum
1457 1223 1458 1228 ,

229 1259 267 1326 l’.
291 1259 470 1326 obsecrare
493 1255 719 1339 obtestarique
741 1272 805 1318 noo
830 1253 969 1329 destitit,
991 1272 1033 1319 ne
1055 1253 1231 1328 ecelesias,
1250 1273 1339 1338 uuae

226 1361 399 1408 erroneam
422 1341 485 1405 hae
506 1341 540 1407 in
569 1357 669 1404 eausa
702 1338 859 1403 fovebant
890 1339 1111 1415 sententiam,
1140 1358 1161 1403 a
1188 1358 1337 1404 commu·
1457 1375 1458 1420 p

229 1429 329 1492 niune
352 1423 586 1490 ecclesiastiea
608 1423 837 1494 abscinderem
861 1428 962 1506 alque
983 1423 1029 1486 ita
1052 1440 1138 1487 nouo
1155 1421 1337 1489 schismate
1457 1477 1458 1492 ,

230 1511 370 1594 depulso
404 1527 520 1594 pacem
551 1505 767 1572 eeclesiarum
805 1502 947 1573 feliciter
981 1507 1126 1572 restitnit
1153 1509 1216 1586 **).
1271 1507 1338 1573 Per

230 1595 317 1660 irlenr
340 1599 469 1677 tempus
492 1593 618 1676 Nepos,
640 1597 673 1655 in
697 1591 833 1656 raritate
855 1589 997 1675 quadam
1020 1591 1170 1677 Aegypti
1192 1591 1338 1677 Episco-

232 1701 310 1761 pus,
345 1677 433 1743 erlito
463 1677 546 1741 lilrro
583 1676 704 1742 heatae
737 1675 827 1740 uitae
865 1675 1141 1758 pollicitationes,
1177 1695 1264 1760 uuae
1303 1677 1338 1740 in

230 1760 414 1846 seripturis
438 1762 604 1847 leguntur,
627 1760 823 1844 praesertim
846 1775 925 1824 vero
948 1759 981 1822 in
997 1759 1210 1844 Apocalypsi,
1224 1769 1339 1825 trans-

227 1849 305 1913 tulit
327 1848 369 1910 ud
404 1853 616 1926 praesentem
646 1846 762 1916 tritam,
796 1842 1030 1909 chiliastarum
1060 1845 1197 1909 somniis
1227 1845 1338 1910 irreti-

231 1943 307 2029 tusp
329 1949 369 1994 ae
399 1927 488 1994 falsa
516 1929 789 2012 interpretatione
811 1925 1053 2011 Scripturarum
1075 1945 1117 1993 eo
1133 1946 1237 2014 nsque
1260 1947 1339 2015 per-

231 2021 322 2081 venit
345 2032 454 2090 error,
484 2019 520 2076 nt
544 2011 746 2098 Apocalypsi
768 2019 911 2096 excepta
932 2011 1156 2100 Evangelinm
1186 2015 1339 2100 aliosque

230 2100 333 2163 llhros
355 2098 444 2161 Nori
468 2095 628 2161 Foedoris
651 2095 796 2160 nonnulli
818 2103 1075 2162 contemnerent.
1119 2098 1251 2180 Nepote
1272 2100 1338 2179 ianr

234 2181 392 2245 dehineto
436 2180 491 2244 ubi
532 2181 667 2265 primurn
705 2179 894 2244 intermisso
936 2181 1201 2264 persecutionum
1241 2191 1339 2248 aesta

231 2263 395 2348 Dionysio
429 2263 522 2328 licuit
557 2265 745 2349 Aegyptum
783 2281 985 2351 peragrare,
1021 2264 1064 2332 ad
1099 2265 1337 2332 Arsinoitiean

232 2349 478 2434 praetenturam
498 2366 538 2412 se
560 2347 716 2424 eontulit,
743 2346 774 2412 in
798 2367 863 2433 qna
886 2349 1025 2415 maxime
1046 2368 1140 2414 error
1160 2350 1338 2416 increbue-

231 2441 295 2510 rat,
318 2438 353 2497 et
373 2431 514 2496 Corneio
536 2431 681 2517 quidam,
704 2432 849 2517 agminis
871 2431 999 2512 (tumor,
1022 2434 1239 2518 versabatura
1272 2435 1338 2500 ihi-

231 2536 296 2604 que
320 2516 450 2601 publiea
472 2515 696 2602 disputatione
720 2535 778 2600 per
798 2524 869 2582 tres
901 2519 1075 2583 continuos
1107 2517 1180 2584 dies
1212 2519 1338 2600 haliau,

231 2604 264 2666 in
295 2621 361 2687 qun
400 2619 526 2665 summu
556 2599 720 2665 modestia
752 2607 786 2667 et
815 2601 1019 2668 humanitate
1046 2603 1119 2700 egit
1142 2603 1337 2689 Dionysius,

228 2685 373 2752 Corneio
396 2683 547 2760 tandem,
572 2685 681 2748 victus
704 2687 909 2771 argumentis
933 2685 1082 2771 Dionysii
1105 2689 1244 2772 ejusque
1267 2689 1337 2752 vir-

232 2775 320 2844 tute,
350 2786 493 2835 errorem
515 2785 608 2832 snum
632 2769 838 2834 retractavit.
882 2769 1033 2836 Eundem
1056 2791 1199 2838 errorem
1220 2783 1256 2838 nt
1277 2791 1339 2857 pe·

232 2851 321 2916 nitus
344 2853 529 2934 extirparet
550 2850 742 2934 Dionysius.
763 2853 861 2918 etiam
884 2855 1027 2939 Nepotis
1050 2855 1181 2938 liltrnar,
1202 2875 1262 2943 pro
1283 2855 1338 2920 di·

233 2935 311 2998 vino
333 2934 436 2998 imme
458 2933 500 2998 ab
521 2937 595 3014 ejus
617 2936 760 3001 asseclis
783 2935 939 3012 habitum,
955 2939 1129 3006 confutare
1146 2959 1337 3028 aggressus

233 3026 288 3082 est
319 3018 409 3095 orep
442 3055 484 3070 -
533 3019 631 3082 Nova
665 3021 765 3084 eliam
804 3021 956 3088 haeresis
994 3023 1026 3088 iu
1064 3025 1336 3110 augustissimam

233 3102 406 3166 Trinitatis
428 3100 550 3190 dogma
573 3103 663 3167 cirea
684 3122 714 3168 a.
737 3103 811 3169 ant.
835 3113 935 3192 eaput
956 3107 1089 3184 extralit,
1119 3110 1270 3174 Praxeae
1303 3116 1337 3172 et

233 3186 333 3251 Nosti
356 3203 486 3252 errores
508 3186 709 3252 instaurans.
738 3188 821 3254 Eam
844 3208 927 3255 vcro
948 3189 1121 3258 Sabelllns
1145 3194 1226 3260 ulier
1246 3191 1338 3258 Pen-

230 3271 436 3356 tapolitanus
460 3269 638 3353 inchoavit,
659 3271 796 3348 docens,
818 3291 914 3339 onam
937 3274 1136 3362 hypostasin
1166 3296 1246 3344 esse
1268 3275 1338 3342 Pa·
1450 3289 1458 3318 t

231 3361 315 3420 treta
338 3361 372 3420 et
393 3355 512 3418 Filium
536 3361 570 3420 et
588 3353 748 3440 Spiritum
771 3357 827 3436 S.,
856 3365 891 3422 el
914 3379 1009 3424 unam
1032 3360 1173 3446 triplicis
1195 3357 1336 3427 nominis

231 3457 424 3524 personam,
446 3437 652 3525 eundemque
681 3459 768 3505 nune
791 3442 922 3507 Patrem
946 3446 1076 3520 vocari,
1098 3463 1186 3510 nane
1207 3445 1337 3520 Filium,
1457 3465 1458 3474 ¹

230 3541 321 3624 norro
343 3523 501 3608 Spiritum
524 3523 587 3610 ἃς
616 3542 658 3589 ac
690 3525 723 3589 in
746 3525 862 3592 Veteri
895 3526 1027 3612 quidem
1059 3529 1273 3594 Testamenta
1301 3533 1339 3594 nl

288 3815 316 3872 ⁶)
336 3817 435 3870 Euseh.
454 3819 505 3869 tlt.
524 3818 551 3871 6.
572 3833 597 3870 ο.
617 3819 662 3874 44.
681 3820 727 3874 45.
747 3825 776 3874 et
793 3821 839 3876 46.
857 3826 909 3876 llh·
930 3827 956 3881 7.
976 3839 998 3874 o.
1018 3823 1046 3877 h.

268 3908 311 3968 ”J
330 3915 396 3962 vin.
417 3915 518 3964 liusen.
537 3917 590 3966 hh.
609 3917 636 3968 7.
656 3931 681 3968 e.
701 3921 727 3970 5.
748 3921 774 3972 7.
794 3925 823 3972 et
840 3921 867 3974 9.
887 3923 1050 3973 mansurus
1067 3923 1108 3972 lt.
1125 3933 1169 3985 ep.
1191 3917 1251 3973 188.
1270 3933 1295 3971 e.
1311 3923 1337 3972 t.

338 3986 509 4035 catarracten
528 3991 640 4038 ornnlno
656 3996 822 4042 sententiam
840 3997 939 4044 statuit
956 3995 985 4043 S·
1003 3993 1170 4055 llleronym·
1189 3993 1224 4042 (le
1240 3991 1338 4054 scrtp-
1457 4027 1458 4048 r

339 4060 391 4102 tor.
413 4054 520 4106 Erotes.
539 4069 566 4106 c.
585 4055 648 4118 69..
666 4067 720 4124 ast,
743 4067 773 4112 nt
792 4065 917 4126 ridetur,
937 4065 1028 4114 mlnus
1047 4067 1141 4124 reeta,
1159 4061 1196 4114 el.
1213 4063 1282 4112 sim.
1301 4063 1337 4112 rte

338 4125 482 4186 Maglstrls
502 4127 567 4176 vlta
587 4129 700 4194 lJlonys·
718 4145 748 4182 n.
769 4131 881 4184 19-22.
919 4135 1003 4185 Prud·
1021 4135 1128 4185 maran.
1147 4133 1213 4183 vna
1231 4134 1260 4182 fl·
1279 4129 1338 4192 0]-

338 4196 426 4256 prtant
447 4207 474 4244 n.
494 4197 597 4248 xxix·
659 4235 661 4242 ,

232 4286 309 4351 .·”)
329 4293 429 4343 ausen.
449 4293 500 4344 tra
520 4291 547 4344 a.
566 4305 592 4344 e.
611 4291 655 4344 at.
