2866 4652
146 237 242 390 ’ΧΙΙ

168 507 319 574 redere
346 503 387 574 et
415 493 571 594 possint,
598 505 638 571 et
656 492 921 594 quodammodo
940 493 1112 572 debeant
1148 495 1275 572 Utrum

167 622 283 698 uilrilo
323 623 451 702 secius
486 627 582 696 nova
617 643 761 721 quoque
796 629 835 696 et
871 624 1019 722 propria
1057 618 1274 711 addiderim,

169 747 292 826 barura
324 771 441 822 rerum
469 747 575 848 periti
602 769 720 846 aeque
746 744 962 848 dijudicent.

271 872 444 949 Ceterum
472 871 622 970 liuguae
648 869 895 973 expoliendae
915 881 955 946 et
970 869 1171 968 elegantiis
1193 889 1277 944 ser·

167 999 285 1076 urorrls
319 995 583 1073 consectandis
617 998 793 1097 temporis
830 997 1004 1094 augustia
1037 992 1277 1095 praepeditus

168 1117 363 1223 multisque
390 1145 436 1198 ae
461 1123 577 1196 variis
604 1123 768 1221 negotiis
792 1119 979 1196 distentus
1003 1143 1084 1196 estu
1107 1141 1179 1196 uun
1208 1137 1277 1220 pc·

167 1252 218 1324 tui
247 1271 383 1324 narare
410 1271 570 1346 operam,
597 1272 700 1346 quam
729 1271 792 1322 res
818 1248 994 1344 exigeret
1019 1255 1130 1344 atque
1157 1245 1278 1325 lento·

169 1367 232 1450 res
252 1380 341 1475 jure
369 1394 437 1449 suo
465 1373 704 1474 postularent
760 1361 961 1470 ignoscent
988 1371 1190 1461 festinanti,
1216 1374 1279 1470 qni

167 1521 231 1574 res
258 1501 388 1598 magis,
416 1520 520 1595 quarn
547 1497 663 1573 verba
688 1505 828 1587 curantr
856 1495 965 1572 urodo
990 1519 1039 1572 ne
1066 1499 1101 1570 iu
1128 1496 1277 1574 Patrnru

168 1625 423 1700 detrimentum
468 1621 602 1714 cedat,
651 1602 770 1721 quod
794 1624 921 1697 vitiuru
963 1629 1023 1698 est
1069 1617 1276 1723 imperfecti

169 1749 333 1824 cultoris.
862 1845 866 1853 Ι
1121 1773 1124 1782 ’

269 1871 389 1948 Erunt
426 1873 607 1963 tortasse,
641 1873 700 1969 qui
737 1881 848 1948 toturn
884 1871 1093 1974 hocopus
1128 1893 1278 1969 gerara-

102 2015 105 2024 '
167 1999 251 2072 ulca
289 1997 417 2097 lingua
455 1997 700 2096 conscriptum
745 1996 903 2072 mallent.
973 1994 1135 2086 Quorum
1177 1999 1277 2071 votis

167 2121 337 2196 lubenter
369 2121 660 2210 satisfecissem,
696 2123 767 2196 uisi
803 2121 895 2194 ratio
938 2119 1105 2194 habenda
1139 2120 1276 2195 luisset

165 2247 344 2322 variarum
379 2247 568 2322 Austriuoi
602 2245 749 2346 lmpcrii
782 2249 964 2344 gentium,
997 2269 1148 2345 qnaruru
1174 2267 1277 2320 corn-

166 2372 285 2444 ruuois
318 2370 446 2470 lingua
477 2383 538 2447 cst
574 2371 703 2459 latius,
736 2396 841 2470 quaro
875 2379 914 2446 et
947 2395 1063 2473 nuper
1096 2369 1276 2472 Episcopi

166 2519 233 2596 pro
253 2494 444 2573 tradendis
463 2495 671 2598 disciplinis
690 2496 916 2597 theologicis
934 2499 1224 2599 praescripsere.

267 2621 387 2698 Porro
413 2620 513 2698 istud
539 2619 814 2720 haudquaquam
848 2620 1031 2716 diffiteor,
1064 2621 1169 2722 0pns
1201 2620 1277 2698 boo

164 2743 376 2844 universum
409 2749 533 2844 justos
565 2745 703 2818 limites
736 2746 979 2836 excessisse,
1017 2766 1109 2841 quos
1141 2743 1276 2820 obser-

166 2889 256 2942 vare
284 2868 494 2967 oportebat,
530 2877 570 2943 nt
596 2873 708 2969 juxta
734 2867 841 2943 liueru
869 2869 916 2944 ab
942 2871 1087 2969 origiue
1113 2872 1276 2971 praesti-

165 2999 279 3067 tutunr
308 2991 497 3070 commode
525 2993 838 3093 praelectionibus
864 2993 1023 3095 publicis
1060 2995 1273 3070 inserviret.
1400 3044 1406 3057 ·

164 3119 261 3194 Pars
287 3120 429 3194 interim
455 3119 645 3218 generalis
673 3127 742 3194 tarn
769 3132 873 3196 arete
901 3122 1179 3222 circumscripta
1201 3130 1275 3214 est,

164 3252 205 3318 nt
231 3243 543 3345 praelectionibus
571 3247 754 3322 inservire
781 3245 894 3322 iaeile
920 3249 1059 3348 possita
1074 3243 1169 3320 idem
1197 3245 1276 3319 for-

166 3371 281 3446 tussis
307 3369 450 3446 valebit
475 3369 524 3446 de
551 3371 733 3471 prioribus
771 3369 891 3448 tribus
925 3369 1119 3475 Capitibus
1151 3371 1275 3444 Partis

166 3495 357 3594 specialis,
384 3519 478 3596 quae
506 3496 641 3571 Patres
676 3499 866 3597 primorum
900 3501 1005 3573 trium
1041 3495 1275 3574 saeculorum

164 3618 363 3710 exhibent3
390 3623 426 3694 iu
454 3622 721 3723 posterioribus
759 3625 911 3699 materia
945 3630 1015 3697 tam
1052 3623 1172 3722 aropla
1203 3644 1276 3697 ex-

166 3745 278 3837 stitit,
316 3755 356 3820 ut
387 3746 609 3845 aequalitate
640 3757 792 3824 servats
818 3747 922 3849 0pus
950 3750 987 3822 iu
1015 3749 1158 3822 nimiam
1190 3768 1275 3821 ere-

167 3873 264 3944 verit
290 3870 433 3965 urolenr,
452 3897 545 3971 quae
572 3870 621 3947 ad
647 3897 751 3948 usuru
777 3872 922 3972 quidem
950 3875 985 3946 in
1013 3871 1157 3954 scholis
1183 3891 1275 3946 cou-

165 3995 259 4072 trahi
286 3995 409 4089 debet,
436 3998 586 4074 Petrum
614 4005 734 4072 tarueu
761 3996 942 4075 studiosis
975 3997 1140 4073 fortasse
1174 3993 1273 4071 haud

168 4122 314 4222 ingrata
347 4124 430 4198 erit
489 4119 665 4199 Ceterum
706 4124 739 4197 si
780 4130 901 4223 aptum
928 4122 1123 4198 ridebitur
1157 4120 1273 4224 Opus,

167 4245 264 4356 quod
293 4251 456 4328 notitiam
483 4247 747 4326 ellectionem
773 4246 849 4327 SS.
873 4245 1021 4326 Petrum
1045 4256 1270 4352 proruerent,
