2880 4660
1156 331 1216 395 145

106 491 183 559 laici
212 497 248 558 et
281 489 316 555 in
346 486 547 554 veritatibus
575 486 652 556 ndei
681 487 790 556 solido
820 489 939 556 instrui
969 491 1216 562 desiderabant.

105 575 299 642 Generatim
321 591 404 639 vero
427 571 547 657 negari
569 573 701 660 nequit,
735 573 881 640 Sanctus
904 575 1023 642 Patres
1049 595 1114 643 non
1137 586 1216 645 tnn-

103 665 146 725 tis
171 660 328 725 laborare
350 656 620 735 difficultatibus,
647 664 683 723 ut
703 667 795 724 recte
817 657 1061 748 intelliguntur,
1083 663 1217 746 quantis

108 745 290 809 involvitur
312 759 437 808 sensus
459 740 497 806 8.
520 739 725 827 Scripturas.
769 744 846 808 dam
866 761 946 808 vcro
969 750 1062 828 prout
1083 745 1116 811 in
1138 748 1216 815 aliis

104 828 259 893 scientiis
286 844 380 898 enm,
412 827 468 910 qui
495 825 623 890 modico
652 825 824 911 praeditus
852 833 907 890 cst
936 827 1090 913 ingenio,
1121 831 1216 898 libris

105 913 320 996 paucioribus
348 910 457 994 iisque
486 908 690 993 planioribus
718 929 761 976 ex
789 909 996 996 praescripto
1025 919 1138 980 rectae
1158 933 1219 982 ra·

106 997 210 1061 tionis
238 1001 427 1060 contentum
453 1011 532 1060 esse
559 1012 603 1060 ex
633 993 740 1080 iisque
762 995 955 1060 necessaria
982 995 1047 1062 sibi
1068 1002 1103 1063 et
1123 999 1217 1066 utilia

108 1078 242 1144 baanre
265 1083 414 1160 oportet,
436 1077 538 1142 itaet
559 1078 592 1141 in
613 1077 756 1144 lectione
777 1079 837 1143 88.
860 1079 1013 1159 latrum,
1040 1083 1096 1164 qui
1116 1083 1216 1171 inge-

105 1163 162 1228 nio
190 1181 257 1228 nnn
285 1161 437 1239 excellit,
469 1159 634 1247 quaedam
661 1180 771 1227 eorum
801 1162 927 1246 scripta
953 1163 1108 1231 faciliora
1133 1167 1218 1232 seli-

104 1267 188 1331 gere
222 1253 324 1331 atque
352 1245 557 1311 necessariis
588 1247 714 1329 parutis
745 1245 906 1312 subsidiis
939 1251 996 1322 (v.
1023 1247 1107 1334 Gap.
1128 1251 1218 1329 ΙΙΙ.)

107 1339 222 1397 iterum
246 1331 430 1416 iterumque
450 1329 628 1415 perlegere
648 1348 689 1395 ac
711 1330 818 1395 animo
840 1329 1018 1397 revolvere
1040 1333 1151 1400 debet.
1175 1371 1216 1384 -

106 1418 249 1481 Praeter
269 1415 441 1499 ingenium
461 1411 633 1479 sufficiens
654 1413 741 1479 ultra
763 1413 938 1500 requiritur
958 1415 1001 1480 ad
1025 1417 1136 1484 utilem
1153 1417 1214 1482 88.

107 1503 243 1565 Petrum
269 1498 444 1563 lectionem
473 1499 598 1560 arrianus
625 1499 777 1560 ueritatis
798 1519 908 1561 remam
928 1521 948 1561 a
968 1507 1216 1586 praeconceptis

106 1583 311 1667 opirrr‘orribur
338 1581 486 1644 imnrrrm‘r
513 1592 610 1664 atque
637 1583 804 1662 prfrrcr'pr'u
824 1581 913 1658 fidei
944 1583 1124 1650 catholicae
1143 1588 1215 1651 ritr-

11 1669 13 1678 ’
105 1687 181 1730 cere
202 1667 360 1730 addictas.
403 1665 580 1750 Leguntnr
600 1665 722 1731 etenim
744 1663 862 1730 Sancti
877 1666 997 1732 Patres
1019 1685 1059 1734 eo
1081 1669 1157 1750 tine,
1179 1678 1217 1736 ut

104 1749 270 1817 veritates
301 1747 378 1814 ndei
406 1747 620 1815 Christianae
645 1768 689 1814 ex
717 1749 837 1814 iisdem
869 1749 985 1814 melius
1018 1752 1216 1840 pleniusque

107 1835 195 1902 omni
215 1853 259 1899 cx
283 1841 379 1918 parte
402 1849 664 1919 cognoscamus,
685 1833 832 1898 intimius
854 1833 1049 1919 diligamus,
1071 1835 1217 1903 firmius-

105 1939 171 2004 qne
198 1924 390 1989 teneamusr
424 1917 537 2002 itaque
564 1935 740 1982 necessum
769 1923 849 1992 est,
873 1925 909 1980 ut
931 1917 1058 1984 unimus
1080 1920 1217 1988 lectoris

107 2011 221 2090 puteat
250 2002 401 2076 veritati,
437 2017 577 2086 eamque
605 1999 764 2068 ardenter
797 2001 955 2077 anaclet,
987 2001 1132 2090 nihilque
1159 2005 1216 2072 illa

105 2090 214 2174 prorius
235 2089 412 2171 cariusque
435 2085 547 2162 diicat,
569 2092 605 2150 ut
623 2086 709 2150 adeo
732 2085 875 2161 ventas,
899 2085 953 2152 ubi
977 2086 1112 2174 primum
1134 2107 1216 2156 con·

104 2174 255 2258 spicuam
274 2191 315 2236 se
339 2169 615 2255 manifestamque
636 2167 837 2246 reddiderit,
867 2170 975 2236 arrimo
998 2179 1151 2259 prompta
1170 2175 1215 2240 il-

105 2257 257 2334 labatur,
278 2255 481 2340 excipietur,
508 2272 548 2319 ac
570 2253 704 2320 firmiter
725 2261 894 2339 teneatur3
923 2261 945 2322 e
972 2257 1138 2324 contrario
1159 2259 1215 2324 ubi

105 2339 265 2406 dicerene
283 2341 352 2422 jam
376 2346 641 2423 praeconceptae
664 2338 837 2424 opiniones
859 2339 1025 2418 foventur,
1048 2341 1136 2407 istae
1156 2361 1215 2410 ve·

105 2425 167 2489 lnti
187 2423 332 2488 nebulae
356 2424 497 2488 animum
519 2422 674 2488 obsident
694 2429 729 2487 et
749 2430 929 2508 occupant,
955 2424 1129 2490 veritatem
1154 2425 1216 2492 de·

104 2519 161 2572 lor
185 2511 264 2572 ueni
292 2511 349 2571 aul
375 2507 506 2592 penitus
534 2505 728 2572 excludunt·
771 2505 1019 2570 Porroarm'rnar
1040 2508 1129 2571 debet
1153 2529 1216 2572 esre

109 2529 449 2686 rradicrmpn'napio
462 2591 778 2687 fidci'Calltola'cne,
801 2589 835 2653 in
857 2607 921 2676 qun
944 2596 997 2684 est
1018 2589 1218 2657 fundamen·

104 2684 176 2741 tum
199 2691 306 2740 amnis
329 2676 475 2741 veritatis
498 2674 691 2750 revelatae,
727 2692 748 2739 a
775 2690 838 2759 quo
866 2689 970 2738 omnis
993 2681 1104 2739 manat
1125 2675 1216 2741 veri·

103 2771 171 2838 tas,
196 2777 239 2825 ex
263 2777 325 2844 quo
346 2761 452 2825 omnis
474 2759 601 2825 veritas
625 2757 831 2842 dijudicatur,
854 2757 1052 2842 falsitasque
1073 2758 1216 2848 dignos·

104 2845 205 2929 citur3
228 2851 431 2929 quapropter
452 2844 508 2930 qui
530 2842 618 2909 istud
641 2843 836 2929 principium
858 2847 960 2920 tenet,
982 2841 1140 2928 singulus
1156 2861 1216 2910 as-

103 2929 273 2994 sertiones
293 2931 327 2993 in
350 2928 504 2994 Patribus
532 2928 651 2994 obvim
680 2928 809 2992 facilius
830 2927 1016 3012 intelliget,
1047 2936 1126 3015 apte
1153 2949 1214 2996 suo

103 3013 180 3078 loco
201 3011 395 3090 collocabit,
426 3029 595 3110 verosque
615 3030 636 3077 a
659 3011 756 3077 falsis
778 3023 919 3078 securus
940 3011 1126 3094 discenret,
1147 3013 1215 3081 illis

106 3115 283 3162 assensum
305 3099 489 3182 praebens,
512 3095 564 3162 lus
586 3096 780 3184 denegans,
802 3114 845 3161 nc
867 3097 954 3161 forte
978 3097 1113 3163 Petrum
1133 3117 1216 3165 auc-

105 3181 239 3245 toritate
260 3181 380 3248 ductus
407 3181 545 3246 eosdem
572 3181 670 3247 etiem
695 3185 847 3246 errantes
875 3187 1045 3264 sequatur.
1072 3219 1114 3233 -
1157 3183 1216 3248 ln-

106 3281 211 3346 super
235 3267 336 3328 lector
360 3266 424 3330 88.
449 3266 579 3328 l’rrtrrun
602 3272 736 3352 praeter
758 3264 886 3350 reliqua
908 3262 1074 3342 subsidia,
1095 3266 1216 3411 quibus

106 3348 291 3414 instructus
312 3349 358 3416 sit
380 3356 510 3432 oportet
531 3347 614 3428 (vid.
633 3347 814 3434 Cap.lll.),
839 3346 1031 3432 praesertim
1051 3350 1086 3410 8.
1116 3349 1215 3432 *erdp-

106 3443 215 3493 {urea
256 3434 411 3516 «tetigerat
453 3455 548 3496 rotaria
588 3443 749 3516 racrrleque
792 3434 955 3506 recolent,
1007 3429 1081 3496 sine
1121 3434 1216 3515 cujus

104 3515 219 3600 paullo
249 3516 443 3582 accuratiori
471 3515 663 3604 cognitione
693 3533 789 3580 nemo
817 3515 882 3580 sibi
911 3533 954 3578 ex
981 3513 1125 3582 lectione
1154 3515 1214 3582 88.

104 3601 238 3666 Petrum
260 3600 444 3666 uberiorem
467 3599 772 3685 aliquemfructurn
796 3598 972 3684 promittat.

189 3683 288 3750 Hanc
310 3685 398 3750 enim
421 3685 460 3750 8.
483 3683 690 3770 Scripturam
713 3683 831 3748 Patres
860 3681 996 3749 assidue
1024 3683 1216 3766 volvebant,

103 3766 137 3832 in
159 3765 225 3834 bac
245 3769 307 3833 toti
329 3774 436 3846 erant,
449 3767 547 3854 hujus
562 3768 701 3834 vocibus
716 3767 982 3862 frequentissime
998 3775 1141 3850 utuntur,
1152 3769 1216 3836 hu·

98 3851 156 3934 Jus
177 3853 367 3950 sententias
391 3854 465 3950 ulus
488 3853 593 3920 minus
614 3859 773 3950 accurate
793 3870 864 3918 suis
897 3849 1151 3920 deductionibus
1181 3861 1216 3920 et

102 3935 1216 4108 atttlllllatllf‘tttt‘,ttullt‘fl‘allltntttltl

101 4101 239 4185 bibent,
261 4103 359 4188 hujus
381 4105 524 4190 denique
545 4105 679 4202 genium
700 4106 842 4190 spirant
885 4098 1095 4192 Quapropter
1115 4105 1216 4168 lectu·

103 4187 130 4249 ri
153 4188 217 4254 88.
246 4187 382 4256 Petrum
415 4189 589 4257 familiares
622 4207 752 4276 quoque
785 4189 830 4256 sit
864 4195 996 4274 oportet
1027 4187 1148 4254 eadem
1179 4183 1215 4245 S·

961 4302 1007 4364 ,10
