2866 4652
211 313 253 412 ‘dli

212 505 284 552 mas
306 482 503 550 Sanctorum
535 477 818 564 (Apostolorum,
852 477 1109 568 Prophetarum,
1137 482 1324 570 Martyrum

212 573 300 647 etc.)
328 567 466 643 choros,
500 582 634 649 quorum
665 565 820 630 memoria
849 583 870 630 a
899 567 1028 632 cunctis
1057 565 1214 635 tidelibus
1245 571 1324 636 reli-

213 658 312 744 gioso
341 651 431 718 cultu
461 650 575 715 merito
605 647 817 726 celebratur,
847 649 973 736 insigni
1001 649 1182 734 splendore
1212 655 1325 723 elucet

216 748 408 808 &namtarum
433 733 607 798 Daciarum
629 731 710 798 ordo
734 732 880 801 fld'tluio
905 735 1065 818 Apostolo
1088 734 1214 804 diserte
1240 758 1326 806 ellu-
1418 737 1419 746 ἵ

214 833 371 892 meratus.
406 822 436 883 l.
460 814 536 882 Cor.
562 817 612 896 12,
633 815 772 881 28-29.
815 817 859 882 lli
881 824 976 900 sunt,
1000 819 1185 904 dequibus
1210 821 1325 890 divina
1418 815 1419 896 ἶ

216 906 394 992 Sapientia
414 901 558 980 clamat:
602 897 693 985 „Qui
722 900 894 967 elucidant
915 922 989 982 me,
1020 903 1123 969 vitam
1152 912 1324 975 aeternam

215 985 410 1060 habebunt“
433 984 555 1060 (Eccli.
576 985 630 1064 24,
651 985 721 1058 31).
767 983 819 1051 lle
840 985 893 1052 his
916 987 1062 1074 angelus
1083 987 1172 1074 apud
1193 989 1325 1059 Danie-

214 1079 279 1146 lem
303 1073 466 1160 larpuiturc
510 1065 595 1154 „Qui
617 1075 726 1134 autem
748 1067 839 1135 docti
862 1070 1001 1151 luerint,
1028 1071 1074 1138 iul
1098 1073 1100 1080 ⁴
1127 1073 1205 1139 bunt
1226 1079 1325 1160 quasi

214 1159 374 1248 splendor
397 1151 609 1230 tirmamenti,
635 1157 669 1217 et
697 1153 752 1238 qui
774 1153 995 1237 adjustitiam
1018 1175 1075 1222 eru
1102 1159 1171 1224 iant
1191 1161 1324 1244 multos,
1418 1199 1419 1240 ,

238 1245 311 1314 nasi
334 1238 455 1308 stellae
477 1237 510 1302 in
556 1241 714 1322 erpetuas
737 1241 989 1305 aeternitates.“
1011 1241 1159 1319 (llaniel
1179 1247 1235 1324 l‘t,
1267 1247 1323 1324 3.)
1418 1243 1419 1326 ζ

247 1349 286 1396 ns
314 1326 456 1410 denique
478 1256 637 1386 Saiirmor
652 1321 738 1418 'ipse
759 1320 912 1389 Christus
937 1324 1094 1394 [lominus
1119 1326 1245 1414 insigni
1265 1330 1324 1396 illo
1418 1339 1419 1400 ζ

120 1436 124 1444 ·
211 1413 327 1500 elogia
357 1406 515 1476 ornauit:
569 1402 660 1488 „Qur
689 1405 809 1472 iecerit
836 1413 870 1472 et
897 1408 1066 1491 docuerit,
1099 1410 1153 1486 laic
1181 1432 1325 1500 magnus

215 1496 390 1564 vocabitur
410 1494 442 1555 io
466 1506 573 1576 regno
596 1487 793 1556 caelorum.“
820 1491 955 1570 (Marah.
978 1497 1014 1572 5,
1044 1497 1110 1578 19.)
1155 1495 1238 1562 Cum
1261 1519 1325 1564 aa·
1418 1527 1419 1532 ¹

129 1651 131 1654 ,
214 1591 281 1648 tem
310 1577 459 1644 omnibus
487 1572 689 1658 temporibus
715 1593 883 1641 sacrorum
904 1576 1083 1646 Doctorum
1112 1580 1258 1648 studium
1289 1591 1324 1649 et

217 1666 369 1733 d⁰clti¹¹8
398 1662 430 1725 5¹¹
461 1657 616 1724 Εθθῐθθίῦ
645 1657 709 1724 Dei
746 1659 836 1728 utilis
871 1665 906 1726 et
940 1663 1101 1730 salutaris
1136 1664 1219 1746 fuit,
1255 1674 1324 1734 turn
1418 1695 1419 1702 ¹

215 1751 357 1816 maxiruc
380 1746 582 1812 fructuosam
605 1748 639 1808 et
660 1742 762 1829 plane
793 1747 1017 1812 necessariam
1040 1767 1137 1830 esse,
1171 1769 1227 1817 res
1249 1753 1323 1837 ipsa
1418 1755 1419 1824 i

216 1828 475 1909 demonstravit,
506 1845 580 1892 curn
609 1833 854 1910 persecutorum
876 1827 1056 1897 Christiani
1077 1833 1219 1900 nominis
1244 1835 1324 1903 luor-

216 1919 301 1984 ribili
335 1917 447 1982 lurore
479 1927 637 1996 represso
667 1910 698 1976 in
727 1912 803 2008 ipsa
832 1913 1011 1982 Ecclesiae
1041 1935 1126 2002 pace
1153 1921 1325 1988 teterrima
1418 1969 1419 2010 ,

217 2003 392 2069 haeresum
430 1996 517 2062 bella
548 1994 777 2061 uehementius
810 1999 958 2064 excitata
994 2009 1091 2086 sunt3
1127 2007 1207 2069 tunc
1237 2007 1324 2072 enim

216 2076 547 2178 haereticorum-doli
569 2084 604 2144 et
617 2079 802 2175 fallaciae,
832 2084 887 2179 qui
918 2082 1049 2150 diabolo
1079 2087 1324 2187 instigantem

215 2167 495 2322 intitul,
512 2179 952 2333 tttltmt‘dtltl?
971 2177 1325 2340 ,lttltsslllltz

214 2337 393 2407 tentabiles
416 2348 549 2432 errores
570 2329 687 2429 gladio
708 2332 845 2429 spiritus
868 2338 1045 2434 amputati,
1071 2347 1107 2407 et
1129 2338 1325 2410 Catholicae

217 2422 370 2492 ueritatis
398 2439 458 2492 ur,
492 2433 601 2482 sacrus
627 2415 825 2484 Doctorrbus
854 2419 1082 2505 administris,
1117 2423 1325 2494 mendacium

218 2512 417 2597 prostratum
440 2501 652 2651 luitbquare
667 2502 744 2584 Jure
766 2504 887 2588 optimo
911 2505 1062 2656 lldyadum
1084 2507 1258 2578 stellamm
1279 2509 1322 2596 ll)

214 2595 346 2660 nomine
369 2586 490 2657 Sancti
546 2590 677 2652 actores
698 2587 731 2652 in
755 2584 914 2655 Ecclesia

298 2677 464 2741 Doctores
486 2669 685 2747 Ecclesiae,
709 2688 844 2753 quorum
867 2680 963 2741 aetius
985 2678 1087 2745 nullis
1108 2678 1325 2766 restringitur

214 2760 384 2835 limitibus,
406 2756 447 2820 ab
469 2752 696 2850 admirabilem
720 2753 810 2820 vitae
832 2758 1044 2828 sanctitatem
1059 2761 1154 2830 simul
1172 2769 1208 2829 et
1225 2783 1326 2852 prae-

213 2843 390 2910 cellentem
420 2837 604 2902 doctnuam
634 2854 799 2920 expresse
826 2858 960 2928 semper
996 2845 1038 2913 ab
1071 2847 1231 2915 Ecclesia
1262 2868 1325 2917 cen

213 2928 301 2994 tales
335 2922 549 2990 declarantur
578 2919 636 3015 vel
664 2920 697 2985 in
719 2921 885 3010 singulari
908 2927 1153 2998 Constitutione
1184 2931 1249 3000 lrac
1281 2932 1325 3001 de

214 3031 251 3076 re
273 3007 409 3086 emissa,
430 3005 487 3070 uel
511 3022 641 3090 proprio
660 3000 778 3072 officio
797 3007 973 3078 Doctorum
994 3015 1093 3082 alicui
1113 3035 1226 3084 eorum
1248 3037 1324 3085 con·

214 3112 331 3172 cesso,
357 3098 394 3158 et
421 3089 602 3155 universae
629 3089 806 3158 Ecclesiae
835 3097 1053 3184 praescripto.
1113 3099 1165 3167 Ad
1196 3103 1324 3168 consti-

213 3177 370 3244 tuendum
396 3176 509 3260 itaque
530 3173 710 3240 Ecclesiae
731 3175 908 3246 Ductorem
931 3182 993 3248 tria
1015 3183 1095 3249 surrrt
1116 3187 1321 3268 necessaria,

212 3262 343 3328 scilicet
365 3267 400 3326 at
420 3262 555 3322 caiana
578 3260 746 3336 doctriua,
798 3281 839 3327 aa
861 3283 1006 3332 errorum
1031 3271 1190 3336 tenebrae
1211 3271 1324 3357 proili-

212 3354 336 3438 gatac,
366 3346 509 3411 obscura
540 3341 738 3422 dilucidata,
774 3281 878 3414 dubia
907 3351 1098 3432 declarata,
1128 3353 1325 3440 Scriptura·

212 3452 327 3500 ramae
350 3431 543 3518 aenigmata
567 3435 719 3493 reserata
742 3429 873 3515 luerint,
896 3433 932 3510 b)
945 3436 1084 3521 inriguis
1101 3441 1189 3502 virae
1205 3441 1324 3502 sarreri-

213 3527 280 3592 tur,
319 3517 353 3594 c)
383 3521 418 3581 et
445 3533 599 3597 expresso
624 3509 803 3578 lt'cclcar’ac
830 3519 1021 3586 declaratio.
1080 3519 1208 3602 Quodsi
1237 3522 1324 3590 hauc

212 3600 363 3686 regulam
385 3617 574 3682 sequamur,
594 3594 682 3662 inter
703 3615 774 3672 eos,
797 3619 881 3684 quos
902 3601 1061 3671 Dominus
1084 3625 1229 3696 magnus
1251 3610 1325 3697 spi·

211 3683 276 3748 ritu
300 3682 543 3770 intelligentiae
565 3680 695 3764 replere
717 3681 839 3764 voluit,
868 3687 990 3773 quique
1018 3695 1177 3778 tanquam
1199 3693 1324 3760 imbres

211 3766 345 3853 eloquia
364 3767 551 3852 sapientiae
572 3782 656 3831 suae
678 3764 712 3830 in
734 3765 891 3835 Ecclesia
906 3771 970 3839 liei
992 3775 1186 3858 cmiscmnt,
1204 3777 1326 3845 Docto-

211 3868 268 3916 res
294 3851 473 3918 Ecclesiae
500 3850 613 3935 plures
642 3867 704 3934 per
740 3849 916 3921 decursum
948 3862 1131 3943 temporum
1160 3863 1325 3930 numerati

960 2592 1191 2679 esignantnr.“
1206 2593 1281 2669 ilii)

262 4115 291 4176 *l
311 4119 376 4170 Vld.
396 4119 425 4168 S·
444 4119 560 4184 Gregor.
582 4121 618 4170 Μ.
638 4121 738 4173 Moral.
758 4125 786 4176 ln
804 4127 868 4178 doli·
888 4128 908 4178 Ι.
927 4125 955 4180 9.
975 4143 1005 4182 ιι.
1025 4131 1068 4183 15.
1095 4131 1140 4182 cl.
1160 4143 1190 4181 a.
1212 4129 1256 4183 16.
1278 4130 1323 4183 17.

244 4215 295 4277 Et)
313 4219 354 4268 lta
368 4219 466 4267 sixtus
485 4217 521 4267 V·
539 4215 656 4268 coemit·
675 4217 720 4270 76.
740 4223 806 4272 data
826 4221 869 4275 18.
889 4225 984 4276 Martii
1007 4227 1086 4280 1588.
1124 4229 1245 4291 (Ballou.
1268 4229 1325 4278 Eo.

314 4299 387 4339 marr.
406 4289 452 4338 ad.
472 4289 656 4353 lauremburg·
678 4289 745 4341 1777
763 4292 797 4341 r.
817 4295 853 4342 11.
874 4305 938 4357 pag·
956 4291 1021 4347 677.
1175 4299 1178 4308 ’
