2948 4662
202 253 268 325 ate

206 419 257 488 Eo
279 416 312 488 ia
334 413 447 502 Opera
468 431 550 484 vore
572 413 760 500 praeclaro,
781 409 871 500 quot
892 411 1017 482 ceteris
1037 410 1208 510 omnibus·
1222 411 1313 482 illino

206 501 236 570 0
260 499 372 573 eribus
393 500 497 587 longe
520 503 692 585 praestare
713 497 799 564 inter
821 505 937 566 omnes
958 501 1107 576 constal,
1134 501 1316 566 veritatem

102 655 106 664 ,
206 522 285 654 orfei
311 587 344 652 iit
368 583 523 652 Ecclesia
545 581 717 680 calholica
746 581 890 678 traditae
922 579 1211 678 seu'ljroilitioois
1243 580 1318 678 lor-

186 670 305 738 malie
328 669 445 755 proliat
466 687 509 734 eii
535 667 727 752 Apostolum
748 665 927 734 Ecclesiae
949 683 1093 752 origine,
1121 684 1165 732 eii
1188 664 1317 732 doctri·

206 773 273 822 nae
293 752 329 820 iti
350 753 508 848 universa
518 749 673 848 Ecclesia
694 751 877 848 onitateet
898 750 1111 847 antiquitatep
1124 748 1317 845 haereticos

208 835 441 986 iioiiitii
464 834 675 986 tititiii
693 831 1318 1002 triticeo·,epieteti
1415 815 1417 916 t

208 939 276 1070 sig
318 1003 424 1069 rivato
445 1021 548 1069 sensu
572 936 854 1089 interpretantur,p
862 1019 946 1102 quos
967 937 1055 1066 iifter
1075 964 1220 1084 deniqiie
1242 1019 1318 1066 oin-
1418 1045 1419 1104 p

207 1087 261 1154 nis
282 1023 460 1170 «sincipitis
493 1085 629 1152 vacillat
659 1091 760 1172 atque
790 1084 996 1172 negligitur,
1027 1083 1152 1152 idcirco
1181 1082 1318 1171 penitus
1418 1105 1419 1110 ¹

207 1189 289 1240 aeae
310 1171 509 1253 rejiciendos
530 1168 686 1237 ostendit.
732 1168 913 1256 Postquam
934 1169 981 1234 itii
1002 1167 1230 1256 ,generaliter
1251 1167 1318 1233 ad·
1419 1159 1420 1196 ¹

55 1329 62 1338 ,
208 1273 330 1321 versus
353 1253 516 1320 haereseo
539 1252 674 1319 omnes“
685 1253 768 1338 egit,
789 1251 962 1338 speciatim
985 1255 1112 1336 aliquot
1127 1250 1318 1318 liaereticoa
1420 1276 1421 1294 ι

206 1338 265 1405 vel
288 1339 418 1424 aliquos
440 1337 539 1404 etiani
561 1336 801 1404 haereticorum
823 1353 955 1402 errores
983 1339 1034 1404 sin
1085 1335 1128 1402 lis
1148 1333 1318 1422 Operibus
1421 1390 1422 1404 ,

74 1474 87 1500 ι
208 1457 402 1608 efflorens
430 1444 495 1516 est.
537 1437 630 1506 luter
657 1435 742 1503 liaeo
770 1455 870 1524 porro¹
898 1437 1019 1506 eminet
1071 1445 1145 1522 ραι
1177 1430 1317 1498 eontra

259 1531 461 1620 arcionem,
484 1540 517 1610 in
539 1539 683 1628 quinque
704 1536 807 1604 libros
828 1540 1003 1638 partitum,
1025 1541 1113 1627 qood
1134 1549 1228 1608 recte
1251 1541 1318 1608 ilici

208 1635 320 1711 potest
341 1625 449 1693 veluti
470 1623 651 1690 thesaurus
669 1621 879 1712 'theologiae
900 1625 1067 1712 antiquae.
1110 1625 1150 1694 ln
1173 1623 1234 1692 hoc
1250 1625 1318 1692 Dei

207 1711 367 1780 unitatem
391 1709 605 1786 demonstrat,
628 1707 809 1781 doctrinam
822 1707 1000 1780 Ecclesiae
1021 1709 1064 1776 de
1086 1710 1259 1776 creatione
1281 1717 1318 1775 et

208 1793 402 1880 mysterium
423 1793 668 1858 incarnationis
689 1791 775 1857 Jeso
796 1781 922 1858 Cuncti
944 1796 1080 1879 exponit
1108 1799 1143 1860 et
1175 1793 1317 1859 demon·

207 1885 295 1945 strat
317 1895 358 1944 ac
385 1877 430 1945 de
450 1876 566 1944 Veteri
588 1877 804 1942 Testameuto
832 1877 1003 1963 praeclaro
1033 1877 1085 1943 dio
1111 1882 1199 1976 utat3
1229 1875 1319 1944 liber

207 1962 269 2030 lV.
293 1969 328 2029 et
340 1961 383 2028 V.
408 1979 467 2048 pro
489 1969 562 2028 arte
584 1961 701 2028 critica
720 1965 755 2030 et
776 1960 1051 2046 interpretatione
1093 1961 1318 2048 .Scriptnrae
1426 1961 1427 1978 ¹

231 2047 372 2114 ermiilta
405 2043 564 2114 exhibent
596 2043 698 2110 valde
717 2043 831 2112 utilia.
859 2084 901 2098 -
942 2045 1008 2112 liei
1039 2047 1167 2112 unitate
1197 2053 1319 2112 eontra

246 2130 413 2200 arcionem
450 2129 591 2212 probata
628 2128 724 2196 trium
755 2146 970 2211 personarunt
1007 2128 1254 2198 distinctionem
1283 2131 1317 2208 0)

206 2214 306 2306 libito
331 2222 474 2327 comico·
494 2211 695 2327 Pramnio
716 2237 837 2327 tuetur,
861 2232 893 2298 iii
916 2249 979 2317 qno
1001 2229 1113 2319 (ipore
1136 2231 1317 2318 perspicae

207 2312 308 2384 idom
338 2313 518 2383 Ecclesiae
544 2312 588 2383 do
614 2313 790 2384 'l'rinitatta
817 2320 854 2382 et
880 2315 1123 2382 incarnationis
1152 2316 1315 2401 mysterio
1429 2365 1430 2370 ι

205 2415 506 2598 giwius&
520 2399 620 2600 ’,ἔξιτ’
640 2401 831 2580 mi?
854 2399 1318 2600 fflfflfflii‘i'ssiffi

205 2592 395 2652 accuratius
418 2584 571 2663 discutit,
592 2585 796 2664 ostendeus,
822 2602 843 2650 a
866 2583 939 2652 Deo
960 2605 1066 2673 ipsooi
1089 2602 1220 2674 quoqne
1242 2604 1314 2650 ua·

204 2670 341 2749 teriam,
370 2687 411 2734 ex
442 2688 507 2754 qua
534 2667 688 2738 mundani
716 2667 875 2748 condidit,
901 2689 981 2744 csse
1002 2677 1159 2740 creatam.
1189 2705 1231 2722 -
1276 2669 1317 2734 ln

204 2755 303 2832 tetro
339 2760 475 2828 contro
508 2751 795 2832 Valentinianos
832 2770 976 2840 mordaci
998 2771 1131 2839 calamo.
1146 2771 1315 2858 multoque

204 2872 279 2920 coin
300 2853 415 2937 lepore
436 2857 586 2934 satyram
609 2853 716 2936 potius
737 2851 910 2930 scribetis,
940 2874 1038 2943 quoio
1064 2857 1187 2926 aerium
1208 2851 1316 2942 Opus,

203 2934 340 3006 istorum
361 2932 599 3003 haereticorum
621 2953 752 3002 errores
773 2935 929 3008 troducit.

289 3071 366 3136 Alia
396 3088 478 3136 vero
506 3077 584 3136 snut
605 3068 737 3162 Opera,
769 3073 802 3141 iii
854 3075 951 3144 uibus
970 3097 1102 3147 errores
1125 3075 1313 3144 haeretico·

200 3173 273 3220 riiin
295 3154 419 3220 retollit
439 3152 684 3235 Tertullianus,
716 3163 752 3223 et
778 3095 972 3228 Caaiollcas
999 3169 1108 3228 tuetur
1135 3161 1315 3238 veritates,

201 3238 280 3326 quln
309 3245 426 3306 eontra
452 3239 656 3307 hoereticum
686 3241 857 3332 quemdam
881 3247 1054 3330 speciatim
1080 3246 1148 3313 sint
1169 3244 1313 3312 directa.

200 3340 276 3407 Huc
307 3343 449 3427 pertinet
478 3325 575 3401 litei·
599 3327 647 3401 do
672 3350 790 3403 carrio
817 3325 986 3424 Clio-iuti,
1013 3348 1047 3414 tn
1079 3367 1142 3434 quii
1178 3347 1311 3432 probat,

200 3422 367 3492 Christum
392 3425 454 3491 liei
477 3426 594 3494 Filiiiiu
617 3445 730 3493 ieram
751 3431 954 3498 assondsse
975 3448 1111 3502 carnem
1132 3431 1310 3500 humanam

198 3525 347 3596 veroque
376 3528 419 3576 ex
442 3510 584 3600 Virgine
616 3517 727 3576 iiatuin
756 3531 846 3580 esse.
903 3515 990 3582 Huic
1011 3515 1180 3586 Tractatoi
1208 3515 1310 3606 paulo

198 3615 276 3693 post
296 3614 521 3694 superstruxit
540 3597 681 3674 lilinum
706 3597 755 3673 da
780 3607 1062 3680 rariori-coitura
1086 3606 1240 3694 comio,
1275 3616 1309 3684 io

198 3709 263 3776 qno
294 3695 442 3776 corporis
471 3695 603 3764 humani
635 3697 833 3784 dignitatem
861 3701 1033 3785 praeclare
1063 3701 1233 3780 vindicat,
1273 3707 1309 3766 et

197 3779 494 3857 resurrectionem,
529 3799 594 3846 non
623 3781 827 3867 spiritualem
857 3787 985 3853 animae
1016 3805 1075 3871 per
1107 3785 1308 3860 conversio·

196 3877 290 3940 nein,
318 3859 381 3926 aed
412 3879 525 3930 veroin
555 3866 665 3930 carnis
692 3863 856 3934 homnae
876 3869 1055 3957 aliqnando
1077 3869 1219 3938 loturam
1241 3867 1309 3937 ad·

244 4193 276 4258 ⁴¹)
293 4201 371 4253 vooe
388 4201 541 4259 l'rtiii'tatto
558 4205 619 4270 tpoe
635 4207 739 4272 prtuiiio
756 4221 822 4264 uano
840 4211 884 4264 eat
900 4211 950 4265 lisa
968 4211 998 4266 lo
1017 4209 1094 4264 liti-o
1119 4221 1148 4272 o·
1167 4211 1198 4265 2.
