2946 4654
206 276 270 346 338

208 451 372 520 mentum,
403 445 591 530 quodddei
609 444 827 522 ¹Claietinuae
849 447 1010 535 dogmata
1031 449 1252 531 constituunt,
1280 461 1319 520 et

231 549 273 598 uo
295 528 404 628 magis
426 529 570 594 intimum
592 549 712 597 nexum
736 532 908 610 doetrinae
930 531 1054 598 Christi
1082 536 1215 603 moralis
1243 555 1317 618 cura

208 551 402 701 dogmatica
423 623 667 769 perspexerunt
688 634 728 682 uc
751 613 1027 682 demonstrarunt.
1067 617 1138 685 Sed
1162 623 1315 704 quonian

207 718 275 768 non
296 715 412 766 onnes
451 704 543 766 utres
569 699 758 777 discrimen,
779 700 868 787 quod
892 702 977 768 iuter
999 710 1179 790 praecepta
1199 707 1317 772 stricte

208 785 293 852 teliu
326 790 361 850 et
382 783 532 864 consiliu
571 783 771 871 intercedit,
816 785 901 850 setis
939 785 1059 871 relique
1091 787 1318 866 attenderunt,

208 867 318 938 ideam
352 867 462 953 potius
492 865 819 935 vitue'Christiunue
847 869 1006 954 neglecto
1036 870 1094 936 illo
1125 871 1318 944 discrimine

207 970 268 1051 pro
315 957 452 1030 nentes,
478 949 554 1016 irinc
576 971 618 1016 eu
640 954 735 1018 suuis
758 951 969 1038 Theologiue
990 956 1124 1021 morulis
1146 957 1317 1042 principiis

208 1057 243 1103 ru
293 1042 401 1103 etrum
422 1033 520 1118 huius
548 1036 625 1101 aeri
651 1037 787 1120 scriptis
818 1043 998 1124 praecepta
1027 1045 1063 1103 et
1090 1041 1230 1106 consilia
1257 1061 1317 1108 se-

210 1119 289 1188 dulo
311 1121 506 1186 discernere
527 1125 674 1201 oportet,
703 1140 746 1198 ne
775 1139 882 1208 grave
904 1127 940 1188 et
971 1123 1182 1188 intolerabile
1198 1126 1316 1211 jugum

209 1223 254 1274 ex
291 1203 406 1273 verbis
433 1201 501 1270 SS.
530 1203 663 1270 Petrum
700 1209 886 1290 promiscue
920 1204 1092 1272 adhibitis·
1114 1206 1317 1289 conficiatur,

208 1308 308 1363 neve,
331 1288 387 1372 qui
407 1288 539 1352 nimium
563 1288 655 1371 petit,
674 1289 753 1354 nihil
777 1290 932 1356 fortassis
953 1290 1106 1376 accipiat.

245 1427 248 1434 .
296 1372 453 1438 Patribus
475 1371 571 1455 hujus
593 1373 669 1438 ueri
691 1371 778 1440 harrd
801 1375 984 1462 incongrue
1006 1375 1226 1459 praemittitur
1247 1375 1317 1442 Eu-

210 1455 326 1526 sebius
348 1455 602 1534 Caesariensis,
635 1458 689 1541 oui
711 1463 759 1522 tot
781 1458 814 1524 in
836 1457 993 1537 lristoriu,
1028 1457 1060 1524 iu
1088 1457 1317 1548 chronologis,

209 1543 246 1610 in
264 1539 471 1626 antiquitatis
493 1538 613 1614 notitiae
633 1541 762 1629 ingenii
782 1543 834 1608 sui
853 1543 1036 1628 specimina
1057 1542 1168 1622 dedit,
1188 1553 1225 1609 ut
1246 1562 1317 1610 curn

210 1625 326 1712 primis
363 1625 541 1690 Ecclesiae
573 1624 799 1709 Scriptoribus
833 1629 964 1691 censeri
1001 1634 1176 1692 mercetur.
1235 1629 1318 1694 'l'uur

188 1727 312 1791 .veco,
338 1727 382 1776 ue
404 1707 513 1794 Caput
542 1705 605 1772 hoc
634 1709 812 1776 indivisum
841 1710 970 1776 nimiam
993 1718 1170 1776 excrescat
1191 1711 1224 1776 in
1246 1731 1319 1778 rao·

210 1794 295 1873 lem,
324 1793 461 1859 illudio
491 1799 561 1860 tres
583 1791 761 1860 Sectioues
789 1793 999 1880 distinguere
1029 1795 1136 1860 visum
1166 1803 1220 1860 est
1256 1815 1318 1882 op·

212 1884 415 1964 portuuuru„
442 1877 559 1961 ltaque
583 1877 608 1941 1.
633 1877 791 1956 sectione
813 1879 1009 1945 exhibentur
1030 1879 1150 1945 Patres
1172 1879 1236 1957 illi,
1263 1882 1319 1964 qni

209 1962 349 2049 primum
372 1961 566 2027 Arinnornm
600 1962 773 2046 impeturn,
803 1963 865 2028 sub
889 1962 1107 2028 Constantino
1140 1963 1319 2050 praecipue

149 2125 153 2130 ,
209 2051 246 2114 et
266 2045 481 2116 Constantio,
516 2051 583 2110 tam
617 2046 650 2112 in
673 2039 812 2114 Oriente
834 2066 931 2132 orcam
954 2049 988 2112 iu
1009 2044 1192 2114 Occidente
1212 2048 1319 2114 susti-

209 2136 370 2215 nuerunt3
392 2129 438 2195 11.
456 2127 616 2196 Sectiorre
639 2137 874 2217 proponuntur,
917 2131 950 2196 ui
971 2131 1004 2196 iu
1016 2129 1155 2197 Oriente
1176 2132 1319 2200 atterum

210 2213 366 2312 impetum
388 2212 567 2282 fortissime
589 2222 794 2299 exceperunt
815 2215 877 2282 sub
900 2283 902 2291 Α
933 2213 1063 2295 olente,
1099 2233 1140 2280 ac
1161 2214 1318 2282 haeresin
1450 2234 1453 2243 ·

210 2298 372 2370 Arranum
392 2295 599 2384 postmodum
622 2299 694 2366 iere
715 2300 960 2382 contriverunt,
994 2299 1055 2365 lll.
1079 2299 1209 2367 deinum
1230 2299 1319 2366 Sec-

120 2397 123 2406 ’
210 2382 303 2452 tione
324 2381 566 2460 describuntur,
589 2383 644 2468 qui
666 2383 783 2450 eodem
805 2385 1005 2468 temporein
1031 2381 1215 2450 Occidente
1236 2384 1319 2450 irne-

212 2468 303 2536 resin
324 2467 484 2536 Arianaru
509 2466 659 2538 funditus
681 2471 851 2556 extirpare
872 2470 983 2534 conati
1004 2477 1092 2534 sunt.

658 2695 823 2762 seculo
846 2693 872 2762 l.

702 2858 737 2948 S.
759 2874 844 2936 103.-

331 2979 489 3050 Eureiirrr
515 2985 732 3046 Coeruru'ercor'r
766 2983 962 3068 Episcopus.
1006 2985 1089 3068 It‘jrro
1117 2987 1200 3049 l'r'trr.

233 3121 377 3192 Fontes:
422 3122 553 3186 Errsebii
584 3124 683 3202 ipsius
708 3123 830 3202 Opera.
853 3161 895 3172 -
941 3125 977 3191 S.
1009 3125 1235 3194 Athenas‘de
1264 3123 1318 3186 dc·

422 3209 519 3272 oretis
557 3204 722 3270 Nicuenae
760 3208 883 3288 Synodi
921 3232 951 3274 n.
985 3216 1015 3274 3.
1090 3208 1140 3270 llo
1179 3209 1319 3290 Synodis

423 3316 454 3356 n.
482 3299 528 3358 13.
553 3305 585 3352 et
609 3297 658 3358 17.
684 3290 822 3374 tlpolog.
847 3307 959 3356 contre
982 3291 1095 3360 Arion.
1125 3315 1156 3355 n.
1185 3299 1236 3358 77.
1268 3299 1318 3358 Si.

422 3377 525 3456 Epist.
564 3374 603 3436 ud
637 3375 736 3436 diros
772 3396 804 3442 n.
830 3383 861 3442 6.
892 3413 930 3422 —
983 3377 1019 3439 S.
1051 3377 1244 3457 llieronyru.
1279 3376 1319 3436 de

422 3459 578 3538 Seripter.
603 3456 722 3527 eccles.
744 3481 772 3518 c.
798 3466 848 3522 er.
872 3458 1012 3544 Apolog.
1036 3459 1108 3527 odv.
1132 3457 1237 3522 linoln.
1261 3457 1319 3520 lib.

424 3541 450 3608 1.
473 3564 502 3605 n.
527 3549 555 3604 8.
578 3549 608 3607 9.
632 3556 663 3604 et
689 3551 738 3607 11.
786 3543 935 3612 l'rueiet,
953 3545 986 3606 in
1011 3543 1125 3606 librum
1149 3542 1189 3602 de
1212 3543 1321 3604 sitiret

422 3628 551 3690 nornine
573 3623 717 3688 locorurn
743 3625 967 3701 liebroicorunr
991 3625 1051 3703 (Τ.
1076 3625 1131 3686 111.
1161 3647 1189 3704 p.
1218 3630 1321 3690 121-

422 3714 477 3788 22)
511 3721 543 3770 et
566 3729 655 3790 saep.
692 3751 730 3764 -
775 3710 900 3775 Socrat.
925 3705 1014 3778 llisr.
1044 3707 1170 3772 Eccles.
1202 3704 1259 3770 lib.
1295 3705 1320 3770 Ι.

422 3813 448 3852 c.
474 3802 503 3856 1.
530 3807 561 3853 et
583 3801 634 3861 23.
658 3792 712 3856 lib.
737 3803 766 3860 2.
792 3815 817 3856 c.
841 3805 872 3857 4.
897 3803 947 3860 20.
979 3803 1030 3859 21.
1056 3790 1112 3856 lib.
1142 3798 1173 3854 3.
1205 3809 1232 3849 c.
1267 3797 1320 3854 23.

422 3911 461 3923 -
485 3875 615 3940 Sonent.
650 3877 736 3944 llist.
771 3877 897 3944 Eccles.
920 3877 978 3940 lib.
1003 3877 1028 3942 1.
1057 3895 1086 3940 c.
1119 3881 1199 3938 tet·
1228 3893 1321 3954 saep.

422 3995 462 4008 —
484 3959 578 4028 Phoc.
605 3959 686 4024 coo.
711 3971 739 4025 e.
766 3969 889 4028 111.11.
916 3969 966 4028 12.
997 3967 1046 4026 13.
1079 3965 1129 4026 27.
1161 3966 1212 4025 39.
1248 3965 1320 4022 118.

424 4056 455 4106 et
478 4051 550 4114 127.
1159 4047 1162 4052 ’

219 4157 388 4224 Subcidio:
423 4155 467 4224 11.
492 4153 645 4219 Valesius
670 4156 709 4218 de
734 4153 810 4218 Vite
839 4156 1039 4236 scriptisque
1071 4153 1209 4229 Eusebi'p
1238 4149 1320 4213 Cae-

423 4261 486 4306 sar.
509 4242 737 4320 (pruurrrittitor
762 4239 892 4304 llueebii
916 4239 1086 4302 Historiae
1111 4235 1321 4302 Ecclesiasti-
