2906 4652
220 277 283 348 ule

170 403 174 410 ¹
221 446 274 543 (l.
285 449 317 525 2,
328 437 395 532 a).
418 439 491 512 Sed
512 446 547 508 et
562 430 762 528 Olympiadi,
782 419 931 526 sponsae
952 454 1029 506 nor
1050 445 1224 523 nupturae,
1239 435 1332 504 baud

220 547 329 597 manus
351 529 494 626 egregia
517 534 698 612 praecepta
718 523 827 599 tradit,
839 524 957 610 unibus
980 523 1122 588 honeste
1143 529 1336 609 sancteque

220 613 255 680 in
277 611 479 680 matrimomo
502 612 617 677 virere
640 611 749 676 diseat
779 606 847 696 (ll.
878 615 915 686 2,
950 603 1024 694 6.);
1054 625 1095 671 ae
1123 605 1332 672 Vitalianum

223 701 365 784 putrem,
387 695 441 779 uni
464 695 505 760 ob
529 695 624 760 leves
646 694 805 780 quasdam
829 711 949 758 causas
972 698 1063 758 tanto
1087 692 1226 756 filiorum
1248 712 1334 757 sno·

222 799 290 847 rum
314 780 389 846 odio
413 785 598 857 exarserat,
619 790 655 844 nt
677 794 736 842 eos
759 795 821 842 nec
844 777 1063 862 alluunt-nee
1086 773 1201 842 ridere
1223 774 1334 840 susti·
1408 849 1409 854 ,

222 869 331 944 neret,
353 864 490 930 tiliolum
514 863 644 929 nornine
666 863 818 948 placare,
840 861 937 950 eique
959 860 1114 944 pietatem
1136 876 1222 945 erga
1244 860 1334 923 libe·
1408 877 1409 904 u

222 966 279 1014 ros
301 946 504 1032 persuadere
526 947 614 1013 omui
637 951 907 1034 argumentorum
938 961 1067 1032 genere
1092 950 1231 1010 conatur
1260 939 1334 1029 (ΙΙ.

222 1027 343 1118 aa).
447 1115 450 1122 ,
576 1081 580 1088 .

616 1299 617 1303 κ
679 1273 835 1388 [sue.

328 1426 508 1488 Poe'rnuturu
534 1423 568 1486 S.
597 1422 754 1505 Gregorii
777 1419 982 1488 Nazianzem'
1006 1423 1229 1485 Corrlr'rrrrolr'o.

306 1587 586 1672 Quemadmodum
598 1585 637 1656 S.
650 1587 838 1673 Gregorius
860 1589 1001 1656 virtutes
1022 1587 1140 1654 sedulo
1162 1605 1337 1654 commen·

223 1676 300 1755 dat,
334 1675 381 1739 ita
402 1681 438 1739 et
459 1669 553 1739 varia
568 1673 649 1748 ‚aevi
671 1673 722 1738 sni
746 1675 826 1738 vitia
848 1671 1062 1758 vehementer
1084 1671 1259 1758 exagitat,
1299 1682 1336 1738 ut

179 1830 183 1838 ,
220 1761 297 1827 dnm
354 1759 514 1825 euerutim
544 1758 650 1823 malos
672 1758 826 1822 nobilium
849 1775 958 1823 mores
979 1757 1111 1822 acribus
1134 1761 1228 1820 notat
1251 1775 1337 1822 xer·

224 1845 276 1911 bis
299 1779 353 1932 (f
373 1847 406 1920 2,
427 1846 480 1906 26.
503 1837 594 1926 22),
615 1841 658 1906 ab
681 1842 731 1906 ira
753 1840 932 1927 plurimun
945 1839 1147 1914 dehortatur,
1170 1840 1247 1906 t'use
1268 1859 1337 1904 ex-

223 1944 353 2014 ponens
375 1929 447 1993 vitii
471 1925 566 2007 huJus
589 1925 746 1991 malitiam
771 1931 807 1991 et
834 1924 993 2009 sequelae
1018 1925 1204 2071 pessimas,
1240 1925 1337 2006 ejus·

225 2011 366 2096 demque
389 2008 535 2077 remedia
556 2012 700 2076 atterens
724 2005 776 2094 (l.
799 2013 830 2084 2,
852 2002 949 2097 22],
972 2027 1015 2073 ve
1047 2009 1101 2074 ubi
1121 2009 1338 2092 conqueritur

222 2095 265 2162 de
288 2097 542 2164 obtrectatorum
564 2091 691 2157 invidia
713 2101 748 2156 et
770 2090 951 2156 maledicos
974 2091 1147 2182 redarguit
1168 2093 1217 2164 *b
1274 2092 1337 2156 Di·

221 2180 376 2246 vitiarnm
406 2195 549 2241 amorem
584 2185 618 2240 et
645 2176 808 2240 avaritiae
836 2177 923 2240 mala
954 2179 1105 2260 grauiter
1133 2177 1338 2264 perstringit

221 2258 276 2350 [1.
306 2266 348 2338 2,
376 2255 471 2346 28],
503 2260 535 2323 in
562 2258 759 2344 stupendam
789 2259 966 2324 mulierum
990 2259 1094 2326 nimio'
1122 2278 1203 2346 sese
1240 2265 1333 2326 cultu

222 2345 453 2412 exornantium
475 2343 655 2408 vanitatem
677 2351 777 2428 atque
799 2345 912 2409 luxum
934 2344 1148 2410 acerbissime
1163 2344 1337 2410 invehitur

223 2425 276 2518 (1.
298 2433 330 2507 2,
352 2425 450 2510 talu
479 2427 656 2515 pessimam
686 2445 796 2504 eorum
824 2429 1092 2494 cousuetudinem
1116 2427 1218 2494 valde
1243 2429 1337 2493 vitu·
1406 2435 1407 2450 ¹

223 2522 331 2599 perat,
353 2511 408 2598 qni
430 2513 622 2610 frequenter
638 2512 754 2594 jurare
777 2513 931 2578 amabant
953 2508 1005 2599 (l.
1026 2516 1065 2586 2,
1092 2506 1191 2600 24.);
1230 2519 1336 2598 atque

59 2598 63 2608 '
122 2665 123 2670 ,
223 2599 349 2665 abusus
370 2599 404 2663 in
424 2615 548 2682 agapus
572 2595 783 2662 celebrandis
805 2595 875 2661 fieri
896 2592 1185 2682 solilos'plnribns
1215 2615 1336 2681 repre-

222 2681 340 2748 hendit
358 2679 506 2769 (Epigr.
528 2674 702 2758 tlt-ta).
755 2680 930 2762 Duplieern
966 2681 1108 2764 denique
1138 2698 1336 2764 perversam

122 2812 130 2818 -
222 2765 512 2850 consuetudinem,
540 2782 625 2847 quae
646 2759 705 2828 illa
727 2770 839 2830 aetate
862 2764 964 2852 lunge
988 2765 1121 2850 lateque
1142 2766 1335 2850 grassaba-

223 2857 289 2925 tur,
310 2866 432 2914 severe
453 2847 545 2912 incre
569 2855 614 2913 at.
644 2847 767 2912 Harum
790 2847 922 2913 seilicet
945 2857 1115 2928 urraerat,
1138 2846 1223 2934 quod
1249 2867 1336 2913 non·

221 2931 315 3012 nnlli,
337 2937 524 3014 postquam·
564 2929 667 3019 lrristp
691 2930 877 2996 castitatem
900 2929 1113 3009 dicaverant,
1142 2937 1177 2998 et
1204 2933 1337 2999 asceti-

223 3031 284 3080 cae
305 3013 398 3079 vitae
419 3031 499 3078 sese
520 3010 730 3088 addixerant,
752 3032 823 3078 curn
847 3015 1034 3096 virginibus
1058 3015 1335 3101 plerumquellen

222 3099 366 3165 sacratis
388 3095 634 3177 cohabitabant,
649 3097 836 3195 'animorum
857 3100 1101 3176 tautummodo,
1122 3117 1187 3165 non
1210 3117 1336 3184 corpo·
1406 3165 1407 3170 ,

222 3201 294 3248 rum
325 3199 467 3248 amorem
497 3199 823 3266 communronemqne
848 3184 1076 3250 excusationis
1103 3184 1215 3266 gralia
1250 3204 1334 3266 prae

166 3316 169 3324 .
192 3301 197 3312 ·
224 3287 268 3334 se
286 3267 453 3340 forentes:
472 3265 633 3350 ejusmodi
657 3265 718 3330 viri
742 3266 948 3352 feminaeque
971 3269 1227 3355 appellabantur
1248 3260 1335 3350 dya-

225 3349 331 3436 rrurol,
353 3343 532 3434 erumpat,
554 3345 753 3416 corebama
775 3347 923 3438 (dilecti,
946 3359 1141 3432 extraneae,
1162 3351 1337 3418 subintro-

226 3431 389 3525 ductae),
422 3453 561 3522 eamque
588 3435 725 3502 vivendi
749 3436 908 3500 rationem
930 3436 1076 3519 plurimis
1099 3435 1336 3526 gravissimis-

225 3539 289 3604 que
311 3521 494 3588 rationibus
515 3520 724 3608 impugnavit
744 3517 930 3608 Gregorius
951 3519 1013 3597 ³⁵).
1037 3561 1078 3572 -
1126 3521 1203 3585 Alia
1230 3521 1335 3588 etiam

225 3713 430 3733 ——n—-n

97 3879 104 3902 r
206 3857 208 3862 '
278 3846 308 3910 ΙΙΙ)
326 3849 357 3973 Ξ
377 3857 492 3976 gregor.
513 3860 603 3910 bobun.
624 3861 658 3909 ΙΙ.
687 3863 716 3916 1,
735 3845 809 3910 8.’9.
834 3857 938 3914 terea.
958 3861 1003 3916 37.
1028 3859 1074 3913 to.
1110 3863 1287 3926 Eplgramnra
1308 3862 1337 3914 7.

261 4013 294 4050 rr·
712 4026 722 4044 ι

296 4017 365 4144 >la
376 4021 537 4169 ‘errae
549 4023 1339 4162 lutalatratur-lutat,alaeue

330 4168 374 4214 est
392 4161 520 4226 mandem
540 4167 674 4216 anecdot.
690 4167 790 4218 brace.
810 4167 1006 4221 Patavllllllb.
1026 4179 1126 4218 recusa
1146 4173 1175 4220 ln
1189 4169 1338 4220 etflen-

250 4257 253 4265 ν
330 4246 364 4297 ry
374 4234 526 4302 lllsclpllna
547 4237 636 4296 popoll
647 4235 696 4285 Del
716 4237 744 4285 ln
755 4237 959 4302 Norol'oatpm.
974 4234 1191 4292 Vauetltstllit·
1208 4239 1284 4292 lban-
1297 4239 1338 4288 ll.
