2906 4652
1082 237 1088 246 1
1154 287 1227 355 ’533

327 481 359 540 p.
384 462 471 538 588.)
505 455 687 522 Tilleruont
716 454 739 516 Ι.
763 473 791 516 o.
824 453 893 518 Art
918 453 1069 521 chtv.
1100 475 1127 516 r.
1149 453 1225 519 Not.

329 551 381 607 no.
404 543 465 620 (p.
487 548 559 604 302.
589 551 621 602 et
647 543 855 620 ost-ee.)
884 553 916 602 et
940 538 1078 603 ceillier
1105 537 1147 603 Τ.
1171 537 1228 606 vt.

324 625 435 705 Ι(ὶῑιιιιι.
458 627 531 692 Vlll
566 624 634 687 Art.
660 619 717 684 vt.
741 643 773 684 ιι.
800 630 848 687 15.
871 627 919 704 (p.
940 625 1112 702 dli-42).
1158 621 1226 684 Dr·

329 729 416 772 ruunt
440 712 525 772 inter
547 704 704 786 opuoeula
726 709 836 784 apuria
860 709 1020 787 pertinent
1055 706 1228 770 Truetotur
1360 761 1362 770 .

328 795 367 856 de
388 791 604 858 consolatione
623 790 660 851 in
681 790 839 865 odorrrir,
871 794 944 872 itapr
969 793 1007 856 de
1027 791 1124 856 tonde
1144 789 1252 854 toli·'

226 932 231 940 .
329 875 439 942 torino
468 877 557 940 uitae
591 887 624 934 et
663 874 801 955 insignis
830 873 1015 954 Arlutoor'tio
1046 876 1093 938 od
1113 872 1228 951 filiunt

331 961 552 1042 spiritantem,
584 956 686 1020 latina
708 967 830 1020 tanturn
854 961 1043 1038 superstites
1065 962 1118 1040 (io
1142 957 1228 1038 Opp.

332 1043 370 1108 S.
393 1042 510 1108 Basilii
534 1041 576 1107 Τ.
601 1045 638 1103 ΙΙ.
664 1063 693 1120 p.
715 1039 912 1122 oar-tte),
935 1045 975 1104 de
998 1043 1111 1126 quibua
1135 1042 1226 1105 vide-

211 1177 214 1189 „
330 1130 376 1190 aie
400 1125 441 1190 Τ.
467 1130 504 1188 ΙΙ.
529 1124 636 1189 Praei.
662 1145 693 1186 n.
716 1129 768 1186 oo.
815 1123 912 1188 Plura
938 1126 1003 1189 alia
1023 1128 1133 1207 Opera
1155 1145 1229 1202 apu-

333 1213 385 1360 ripp
403 1213 550 1274 nominat
572 1209 600 1273 J.
615 1210 654 1273 Α.
669 1206 810 1271 Fabricii
832 1206 988 1274 Biblioth.
1011 1208 1128 1276 Graec.
1153 1206 1228 1276 vot.

557 1547 563 1565 .
613 1479 650 1570 S.
670 1495 748 1561 ιιι..

369 1635 547 1700 Clruruoler
568 1647 599 1700 et
622 1635 771 1700 moranno
796 1634 833 1701 S.
856 1633 985 1704 ttoo'to‘o'.

212 1803 250 1872 S.
274 1803 443 1892 Basilina,
473 1803 546 1888 „uir
568 1801 632 1869 srde
654 1809 689 1870 et
710 1801 865 1889 operibus
887 1809 921 1868 et
942 1803 1028 1868 omni
1050 1767 1232 1870 sanctitate

123 1889 210 1958 satis
231 1883 363 1957 clarus“
384 1890 429 1970 ⁸),
448 1891 523 1986 June
545 1883 796 1982 optimo‘dietus
818 1893 873 1954 est
893 1885 1045 1984 diagono.
1088 1886 1124 1952 ls
1145 1889 1232 1984 enim

2 1999 3 2006 ¹
120 1993 250 2044 summu
272 1993 343 2042 enm
367 1972 549 2040 eruditione
570 1990 728 2040 summam
748 1990 880 2058 quoque
900 1977 1058 2122 prelatum
1081 1978 1116 2040 et
1142 1989 1232 2038 earn-

120 2066 236 2134 tatem,
258 2057 466 2144 singularem
489 2055 697 2143 prudentiam
718 2063 754 2122 et
773 2074 855 2123 vere
877 2073 898 2122 a
923 2055 1104 2124 mirandam
1126 2055 1230 2124 humi-

119 2143 248 2210 litatem
271 2143 450 2228 conjunxit.
497 2139 589 2206 idem
619 2141 652 2209 in
675 2137 852 2221 Scriptura
870 2135 927 2219 8.,
951 2142 1084 2208 Petrum
1107 2139 1245 2212 tradi„

2 2239 3 2246 ’
119 2229 210 2292 tione
231 2230 265 2292 et
285 2225 469 2293 canonibus
491 2223 671 2292 Euoleriae
693 2225 944 2292 versatissimus
966 2233 1058 2304 erat,
1081 2225 1231 2323 Logieee

120 2318 158 2378 et
187 2309 393 2378 [dialecticae
426 2310 670 2397 peritissimus,
697 2302 826 2376 'Orator
861 2309 1155 2393 facundissimum,
1176 2329 1232 2376 rn-

120 2395 234 2460 timum
261 2414 391 2482 quoque
421 2395 556 2461 virtutis
588 2389 750 2474 indolem,
779 2393 912 2460 humani
945 2393 1044 2460 animi
1072 2411 1231 2460 recessus

122 2484 328 2563 naturaeque
359 2477 580 2544 infirmitatem
612 2478 760 2563 apprime
799 2484 949 2544 nouerat.
1012 2474 1133 2543 Nullus
1175 2480 1231 2542 est

122 2569 249 2637 auctor,
271 2563 364 2644 cujus
385 2562 512 2646 scripta
536 2569 678 2628 mentem
698 2561 811 2648 magia
840 2560 988 2626 alliciant
1016 2567 1118 2645 atque
1150 2579 1230 2645 per·
1283 2564 1286 2573 '

36 2685 46 2701 ι
122 2645 266 2720 cedunt,
320 2665 393 2720 nom
417 2645 533 2712 Basilii
564 2647 833 2733 seriptn,=qnae
854 2644 1129 2728 „inaestimabilis
1152 2644 1253 2712 the-·

120 2728 307 2795 saurus‘ia
352 2729 489 2796 Erasmo
512 2729 736 2795 Roterodarno
767 2729 988 2814 appellantur.
1042 2729 1112 2796 Res
1142 2728 1229 2798 adeo

1 2821 2 2826 ’
122 2812 239 2895 viride
260 2813 426 2902 depingit,
453 2814 723 2882 ratiocinationes
743 2833 825 2880 suas
848 2811 933 2880 odeo
956 2811 1071 2882 valide
1093 2816 1232 2899 exponit
1299 2875 1301 2880 .

123 2905 225 2986 atque
247 2897 466 2986 persequitur,
488 2898 558 2965 vitii
582 2899 750 2987 imagines
772 2897 858 2985 adep
881 2897 1066 2987 horrendus
1082 2899 1230 2979 exhibet,

120 2979 207 3050 adeo
227 2987 398 3049 suasoriae
421 2981 626 3050 hortationes
648 2982 690 3049 od
719 2981 875 3050 virtutem
901 2981 1056 3060 adhibet,
1085 2981 1231 3049 instruo-

60 3079 71 3090 ·
121 3067 230 3132 tiones
259 3067 345 3133 adeo
374 3069 505 3152 amplae
538 3076 575 3133 et
595 3067 760 3152 protientur
780 3068 957 3152 suggerit,
981 3075 1015 3132 ut
1038 3083 1134 3132 nemo
1156 3069 1231 3150 ejus

1 3146 3 3238 f
120 3151 248 3238 scripta
276 3151 395 3239 legere
425 3153 550 3234 possit,
583 3152 730 3238 quinae
761 3156 902 3218 veritate
935 3147 1093 3216 imbutum
1130 3157 1232 3236 atque

1 3322 5 3411 ζ
123 3317 239 3383 vitium
262 3317 338 3383 odio
360 3326 589 3403 prosequatur.
631 3321 833 3388 locutiones
854 3317 876 3383 il

121 3251 321 3318 persuasum
342 3235 485 3312 sentiat,
511 3243 545 3301 et
572 3239 648 3319 quin
671 3254 784 3302 umore
805 3233 1232 3382 complectatoquirtotem.
1290 3259 1294 3264 ·

122 3407 223 3488 utque
246 3401 467 3489 magnificae,
488 3402 599 3485 stylus
622 3319 1232 3503 perquameteg‡3{,⁸r'r¹ilrlff1¹se,⁸oll¹rsset
1278 3482 1282 3488 Ι

121 3485 165 3551 ad
189 3484 457 3570 persuadendum
479 3485 762 3562 accommodatus:
785 3497 892 3554 oratro
913 3503 1046 3570 semper
1068 3485 1231 3552 naturalrs

2 3635 8 3653 ,
38 3601 43 3610 ·
122 3587 194 3642 conr
218 3570 359 3637 lenitate
380 3572 506 3650 tuens,
536 3569 573 3638 ei
601 3573 689 3638 omni
719 3591 839 3638 errans
862 3571 1085 3637 affectatione.
1144 3569 1232 3636 Hine

121 3655 288 3753 mirantur
308 3654 526 3754 eruditissimi
555 3656 675 3743 quique
703 3657 736 3753 in
764 3655 900 3754 scriptis
923 3651 1041 3722 Basilii
1070 3655 1231 3726 orationis

122 3745 391 3888 pprspromtatem
414 3760 580 3820 exrmranr,
602 3739 802 3819 facundiam,
824 3741 1033 3829 srugnlarem
1057 3740 1231 3827 quamdam

5 3911 6 3914 ’
122 3906 246 3971 lentum
269 3914 304 3972 et
323 3911 562 3977 sententiarum
586 3908 812 3996 grauitatem
845 3909 1043 3996 praesertim
1070 3909 1231 3976 felicissi-

127 4077 337 4094 ἡ

176 4181 207 4247 *)
227 4184 316 4240 nunni
337 4189 462 4258 aquilej.
482 4195 602 4246 nroerot.
622 4201 650 4248 to
670 4197 803 4262 Regulam
815 4191 846 4246 S.
860 4195 958 4246 Basilii
977 4210 993 4246 o
1010 4209 1040 4244 re
1058 4193 1146 4242 latine
1164 4193 1228 4244 red·

232 4261 318 4310 trun
334 4263 378 4320 ιι..
394 4253 532 4329 noanon
552 4266 619 4317 cor.
639 4265 739 4329 negor.
759 4272 874 4318 noran.
893 4269 927 4317 n.
946 4269 967 4314 ι.
986 4277 1014 4326 p.
1034 4255 1089 4320 et).

223 3823 377 3907 eripturie
410 3823 672 3912 interpretandis
706 3823 922 3904 ¹facilitatem,
962 3823 1137 3891 verborum
1170 3825 1232 3890 de·
1320 3900 1326 3907 ,
