2880 4660
1157 317 1220 384 207

111 473 463 562 appropinquaturun,
485 480 584 561 atque
604 473 682 544 iude
704 475 793 543 illico
803 476 912 564 ipsum
931 477 1034 548 Deum
1058 495 1228 570 conopecss¹

112 568 220 624 turum
242 576 324 625 esse
345 557 409 623 sibi
431 559 659 644 persuaderet.
704 559 808 642 Quem
831 564 929 629 finem
957 573 991 630 ut
1019 585 1221 652 assequere-

111 650 176 722 tur,
193 645 306 708 vitare
332 641 497 708 homiuum
527 644 694 710 consortia
726 652 762 710 et
796 647 1006 714 solitudinem
1034 659 1221 723 consectari

112 729 241 792 statuit.
283 727 410 791 Locum
432 726 544 811 itaque
567 729 648 794 mari
676 730 820 795 vicinum
849 750 921 796 cum
953 733 1016 798 sibi
1043 736 1220 822 elegisset,

113 811 227 896 ibique
247 810 343 875 solus
366 808 609 890 deambularet,
640 811 758 879 Senex
786 813 916 899 quidam
946 820 1165 901 uenerabilis,
1186 826 1218 906 *)

112 896 211 976 cujus
234 894 267 958 in
289 894 383 959 vultu
411 896 514 960 cornis
546 897 719 962 residebat
745 899 918 984 gravitas,
949 919 1121 972 sermones
1147 925 1220 975 curu
1295 965 1299 974 .

114 978 177 1042 illo
200 978 342 1044 miscere
364 981 484 1074 coepit,
506 981 624 1063 quibus
645 981 833 1065 incipiendo
856 1000 877 1046 a
906 982 1135 1072 philosophiae
1158 991 1220 1059 de·

113 1061 262 1128 finitione
284 1067 320 1128 et
342 1063 385 1128 ab
408 1064 448 1128 irs
470 1063 683 1144 veritatibus,
712 1083 797 1150 quas
819 1065 1027 1154 philosophia
1048 1073 1221 1140 Platonica
1276 1109 1282 1124 ·

111 1165 261 1212 summas
282 1153 485 1234 agnosceret
504 1155 540 1212 et
561 1155 775 1236 suggereret,
795 1153 934 1237 ejusque
952 1172 1049 1238 porro
1067 1155 1220 1227 deiectus

112 1231 161 1296 illi
185 1229 485 1309 commonstraudo,
506 1249 547 1296 eo
569 1232 697 1297 demum
718 1233 859 1310 transiit,
881 1241 917 1298 ut
937 1238 1145 1320 ostenderet,
1167 1262 1220 1323 ea,

111 1334 202 1399 quae
225 1315 268 1380 de
292 1315 344 1380 his
365 1314 535 1399 mysteriis
548 1333 655 1400 neque
666 1317 760 1382 Pluto
773 1335 852 1402 pers
877 1320 993 1400 exerit,
1009 1339 1073 1388 nec
1087 1328 1220 1414 perspi-

113 1417 194 1464 cere
209 1419 352 1484 uuquam
371 1399 479 1484 possit
498 1401 581 1464 ratio
599 1401 753 1476 humana,
772 1339 924 1467 reveratur
940 1423 1020 1470 esse
1038 1407 1217 1476 ministerio

111 1483 369 1568 Prophetarum,
392 1502 476 1568 quos
498 1483 572 1568 ipse
594 1485 843 1550 commendabat
863 1486 906 1552 ab
928 1489 1134 1573 antiquitate,
1155 1513 1220 1580 qua

113 1565 332 1652 philosophos
360 1567 465 1654 lunge
492 1576 670 1653 superant,
699 1589 721 1634 a
749 1569 876 1654 Spiritu
905 1568 962 1644 S..
991 1577 1218 1660 quaeritante

113 1651 290 1716 vaticinati
309 1660 406 1728 sunt,
433 1652 475 1717 nb
498 1659 621 1719 euentu
642 1673 749 1718 rerum
771 1653 1031 1739 praedictarum,
1052 1677 1074 1722 a
1092 1679 1219 1728 summa

114 1735 150 1800 iu
176 1734 319 1800 edendis
340 1737 486 1814 oraculis
509 1738 664 1802 libertate
692 1743 726 1801 et
758 1738 964 1814 constantia,
996 1759 1017 1805 a
1045 1743 1222 1827 miraculis,

112 1821 235 1904 quibus
256 1819 415 1886 vaticinia
436 1839 500 1885 sua
521 1820 765 1899 eorrtlrmarunt,
785 1821 828 1885 ab
850 1822 926 1905 ipsa
948 1822 1090 1909 denique
1106 1847 1220 1895 oracu-

114 1904 222 1969 lorum
243 1905 382 1970 istorum
402 1905 600 1982 sanctitate,
622 1904 729 1971 Deum
750 1902 862 1969 mundi
882 1911 1064 1973 creatorem
1085 1913 1221 1997 ejusque

113 1987 282 2053 Christum
304 1990 403 2055 unice
430 1989 677 2055 celebrantium.
722 1988 872 2054 Tandem
901 1986 1080 2058 discedens
1109 1995 1220 2064 Justi-

112 2091 193 2136 rrum
215 2071 381 2152 bortatur,
413 2079 450 2137 ut
470 2071 554 2139 haec
582 2072 772 2138 meditando
825 2080 1020 2158 rosequatur
1045 2095 1221 2166 eorumque

112 2155 220 2220 intelli
268 2155 372 2220 utiam
395 2156 548 2238 precibus
570 2155 685 2222 olleo
708 2092 861 2242 postufet.
875 2158 925 2236 ¹⁶⁸)
961 2157 1036 2225 Hoc
1058 2162 1219 2250 colloquio

113 2247 150 2303 et
187 2259 227 2303 su
251 2244 418 2324 sequente
451 2237 491 2306 S.
525 2238 720 2322 Scripturae
751 2240 893 2332 lectione
927 2260 969 2307 ao
996 2244 1221 2329 meditatione,

106 2323 231 2405 juncta
252 2343 327 2388 cum
349 2323 504 2408 precibus
525 2323 567 2388 ad
591 2325 696 2389 Deum
717 2325 823 2404 fusis,
854 2343 918 2390 uec
937 2345 1002 2394 non
1025 2333 1221 2398 considera-

112 2408 207 2472 tione
236 2407 447 2474 constantiae
468 2405 729 2473 Christianorum
757 2408 790 2473 in
818 2409 1020 2490 cruciatibus
1049 2415 1221 2496 perieran-

114 2489 173 2555 dis
193 2492 265 2567 m)
296 2496 462 2574 permotus
488 2491 659 2568 lustinus,
685 2489 800 2556 ualere
823 2492 931 2574 jussis
957 2491 1222 2580 pbilosophorum
1322 2551 1324 2556 ,

112 2573 244 2654 sectis,
275 2571 492 2640 Christianam
515 2574 712 2663 religionem
735 2575 909 2658 amplexus
930 2573 1118 2662 Christique
1141 2578 1224 2646 doc·

115 2659 241 2724 trinam
261 2665 378 2743 aperte
399 2658 573 2743 professus
593 2664 657 2737 est,
679 2657 769 2724 nullo
785 2661 854 2742 janr
877 2658 1014 2744 periculi
1036 2671 1122 2728 metu
1146 2683 1223 2750 per·
1322 2733 1324 2736 ,

112 2744 274 2822 territus,
304 2745 339 2821 i)
375 2742 477 2828 pallio
511 2748 622 2808 tamen
654 2740 882 2830 philosophico
916 2750 1069 2822 retento,
1110 2753 1223 2834 utpote

112 2823 204 2914 quod
234 2845 365 2906 eorum,
392 2827 448 2913 qui
480 2827 641 2893 scientias
671 2827 727 2893 vel
757 2829 922 2894 austerius
943 2828 1080 2896 vivendi
1102 2850 1223 2921 genus,

113 2911 366 2996 profitebuntur,
388 2911 523 2999 insigne
545 2919 628 2978 erat.
641 2913 698 2994 ἡ)
728 2909 802 2980 Hoc
819 2913 882 2979 sub
902 2911 1017 2980 habitu
1035 2919 1222 3002 novusjam

171 3176 202 3237 *t
218 3181 311 3231 semu
329 3183 381 3234 tlte
397 3185 525 3246 pulsuum
544 3184 648 3245 tuerit,
675 3185 832 3245 dlseoptuut
849 3183 968 3235 Erudttt·
1015 3189 1071 3238 arrt
1090 3199 1152 3238 eum
1170 3200 1223 3238 au-

223 3251 314 3312 gelum
334 3253 472 3303 dtrluttus
489 3255 602 3304 rutsaurn
620 3255 708 3304 ttrlssu
726 3255 911 3314 auspicantur,
930 3259 959 3304 ut
973 3255 1223 3307 't'tlleruoat80Ju-

224 3323 279 3370 attn
297 3323 361 3371 Art.
380 3323 431 3373 lv.
457 3323 502 3386 (p.
520 3323 608 3388 351),
633 3326 683 3373 attt
708 3317 892 3386 Polycarpum
915 3335 977 3372 cum
1002 3327 1091 3376 tuisse
1116 3329 1223 3378 uoluat.

223 3387 306 3439 (terte
324 3391 452 3442 tustinus
470 3397 528 3454 post
546 3387 625 3443 illum
644 3405 823 3456 congressum
847 3405 900 3443 uon
924 3394 1040 3454 ampllua
1063 3397 1134 3446 uidit
1153 3397 1224 3445 baruc

222 3470 335 3520 auem,
354 3461 464 3526 Dtalug.
482 3475 508 3513 ο.
527 3465 633 3526 t'rypb·
652 3474 678 3512 c.
698 3461 726 3514 8.

150 3547 200 3613 ”l
217 3555 328 3618 operae
346 3563 465 3619 pretturn
484 3565 544 3619 eat,
563 3562 634 3610 hacc
651 3561 743 3608 omuta
760 3559 822 3608 tuae
840 3560 931 3609 relato
948 3559 983 3608 ab
1002 3560 1060 3620 ipso
1073 3562 1102 3610 Β.
1114 3563 1224 3613 tustino

224 3629 256 3676 lu
274 3627 386 3690 Dlalog.
404 3641 431 3678 c.
450 3631 554 3691 'l'ryph
574 3643 600 3679 e·
618 3627 700 3678 2-8.
719 3628 758 3678 et.
777 3641 803 3678 c·
823 3628 867 3678 23.
885 3631 955 3689 apud
974 3631 1061 3690 ipsun
1086 3633 1223 3694 relegere.

221 3694 269 3746 ct.
288 3691 461 3761 Robxtumu’t
478 3690 655 3762 dtirdpeopetdr.
679 3699 703 3747 Ι.
722 3691 777 3748 illu.
800 3683 825 3750 5.
843 3696 889 3748 28.
915 3691 954 3748 &0
982 3696 1117 3762 illd-dd,
1144 3701 1222 3765 aaut.

223 3765 279 3816 tlt..
295 3761 349 3820 St.
367 3761 407 3816 Β.
426 3767 544 3821 bri-tt).
563 3761 674 3832 &emittit
693 3771 716 3818 t.
735 3762 797 3829 att.
815 3761 856 3817 6.
874 3767 973 3820 6-21.

131 3853 198 3922 m)
215 3862 322 3918 turin.
341 3857 459 3929 aprog.
478 3867 514 3914 u.
535 3877 561 3915 ο.
582 3866 625 3917 12.
644 3864 683 3914 or.
702 3865 805 3915 ausen.
823 3865 875 3914 nu.
896 3861 924 3916 t.
943 3877 969 3915 a
987 3865 1016 3918 a.

167 3954 201 4021 'tl
220 3952 267 4011 Cf·
284 3962 360 4014 Just·
380 3964 456 4016 urat.
474 3977 499 4012 c.
519 3964 623 4027 Trypb.
642 3975 666 4014 c·
686 3960 748 4016 12οι

149 4050 203 4118 ἢ)
219 4058 296 4109 Jmto
322 4059 399 4112 nmo
424 4074 451 4111 c·
469 4063 573 4124 TfyPh·
599 4073 626 4110 00
652 4061 677 4118 1,
712 4058 756 4108 cro
776 4061 879 4110 flumbo
905 4061 956 4110 ubo
974 4059 1010 4124 40¹
1031 4074 1057 4112 ⁰·
1078 4064 1120 4114 ssa
1148 4058 1225 4112 Photo

223 4127 295 4180 Cod-
317 4129 379 4180 125.
414 4133 483 4182 lude
498 4136 582 4182 etlam
600 4130 754 4192 phtloaopbl
779 4142 876 4180 norueu
900 4133 965 4181 tultt
988 4135 1018 4181 ι’.
1035 4135 1173 4183 tustinus.
1195 4159 1223 4171 -

224 4199 267 4248 De
287 4199 382 4249 habitu
402 4201 590 4264 pbllouopbtoo
616 4194 732 4262 ejusque
756 4201 959 4262 significatione
985 4203 1043 4249 rtd.
1062 4200 1226 4250 Tertulllau.

228 4269 265 4318 de
284 4263 377 4320 Pultto
396 4281 423 4322 c.
441 4269 470 4322 6.
499 4269 543 4322 cl.
564 4260 674 4331 &tniidp
693 4269 716 4320 1.
733 4262 794 4332 ssbt.
812 4263 851 4320 Θ.
870 4268 916 4323 23.
934 4291 968 4307 -·
987 4269 1110 4320 Eundem
1128 4278 1230 4320 morem
