2866 4668
216 312 280 378 tit

126 461 134 484 “
218 479 385 566 pertinent
405 473 588 546 Sermones
611 475 675 544 duo
696 495 728 546 a.
750 475 823 542 381.
852 424 955 544 trabib
984 476 1113 546 medias
1141 477 1233 546 inter
1256 498 1344 566 per-

126 648 135 666 ·
218 563 424 632 sanationum
448 563 618 646 proeellas
642 563 685 628 ab
710 561 844 627 Arianis
865 567 1044 647 excitatas,
1065 563 1217 630 scilicet:
1273 583 1294 606 ,-

282 687 326 780 η
348 674 491 750 Seiano
524 685 660 750 contra
687 673 925 750 damnationi
957 677 1006 751 de
1033 675 1222 752 Basilicis
1250 685 1342 750 tru-

343 775 536 870 dendia*)
559 793 618 874 (de
640 793 734 877 cujus
756 773 934 860 occasione
957 794 1025 860 vid,
1048 814 1151 878 supra
1173 780 1341 874 8111),

347 881 380 947 iu
410 897 473 964 quo
501 879 683 968 lugubrem·
705 896 814 944 rerum
829 877 1144 946 ‚ecclesiasticarum
1169 878 1342 945 conditio·

291 993 293 998 ·
347 983 423 1032 nem
446 965 533 1030 viris
555 961 721 1031 coloribus
744 960 907 1049 depingit,
930 961 1172 1030 baereticorum
1188 965 1342 1028 Ariana·

348 1069 436 1127 rum,
469 1067 509 1116 ac
536 1047 695 1132 imprimis
727 1045 885 1113 Arrxcntii
914 1046 1073 1114 malitiam
1097 1047 1341 1114 detestandam

348 1133 390 1199 ob
412 1133 525 1198 oculos
543 1135 645 1218 ponit,
659 1149 818 1196 summum
833 1150 963 1227 equoque
976 1131 1077 1198 animi
1094 1131 1147 1196 sui
1165 1129 1341 1198 fortitudi·
1405 1193 1406 1202 2

334 1236 422 1284 inem
450 1215 575 1300 prodit,
612 1233 698 1298 oquae
729 1219 932 1282 nun'urrnus
961 1215 1203 1290 admiratione,
1239 1237 1340 1300 quani

230 1367 233 1372 ,
335 1302 525 1366 'imitatione
555 1299 660 1386 digna
689 1304 760 1372 est,
789 1316 830 1362 ac
860 1300 992 1383 plebem
1020 1300 1084 1365 sibi
1113 1301 1339 1380 commissam,

349 1394 384 1450 ut
406 1383 469 1450 llei
491 1383 693 1469 praesidium
715 1400 778 1466 soc
800 1381 893 1448 firma
915 1383 1151 1468 praestoletur,
1173 1385 1314 1450 excitat.

247 1496 250 1506 ’
283 1509 331 1604 a]
352 1493 491 1572 Sermo
517 1501 559 1570 in
586 1497 843 1572 translatione
868 1500 1123 1599 reliquiarum
1141 1494 1340 1574 SSGar*

348 1604 449 1676 aurii
474 1607 511 1674 el
537 1597 716 1674 Protunii
741 1597 810 1686 ”i
843 1614 978 1682 habitos
1003 1623 1056 1682 est
1085 1633 1106 1681 a
1128 1614 1168 1683 S.
1190 1617 1341 1682 Ambro-

348 1701 411 1779 sio,
434 1719 506 1766 cunr
531 1717 671 1786 corpora
694 1702 831 1766 istorum
855 1699 990 1765 fratrom
1002 1701 1198 1785 Martyrum,
1224 1701 1339 1766 divino

351 1784 473 1851 monitu
491 1784 555 1872 ipsi
578 1783 739 1862 revelata,
757 1785 902 1850 fuissent
921 1785 1099 1850 exhumata
1121 1783 1212 1860 (rid.
1237 1805 1339 1870 supra

349 1859 387 1948 8.
405 1870 503 1946 lii).
527 1869 565 1932 ln
581 1887 621 1934 eo
639 1868 778 1956 gloriam
791 1867 991 1935 Sanctorum
1009 1869 1093 1934 fusis
1108 1867 1269 1935 laudibus
1284 1889 1339 1934 ce·

292 1958 294 1966 ’
348 1955 476 2030 lebret,
510 1955 669 2018 miracula
691 1973 712 2018 a
737 1953 808 2019 ileo
831 1971 891 2039 per
913 1956 997 2019 istas
1021 1953 1181 2040 reliquias
1204 1962 1341 2040 patrata

350 2043 462 2104 narrat
484 2044 585 2122 atque
607 2035 770 2116 defendit,
793 2037 968 2134 plebisque
985 2040 1112 2104 animos
1131 2036 1174 2103 ad
1191 2057 1292 2122 spem
1310 2042 1340 2104 in

349 2121 549 2202 Sanctorum
571 2121 755 2205 Martyrum
779 2122 946 2206 praesidio
970 2121 1198 2188 collocandam
1224 2125 1338 2206 erigit.

434 2233 530 2310 Duas
557 2233 658 2298 etiam
681 2230 860 2298 Orationes
890 2234 1049 2300 funebres
1077 2233 1342 2320 imperatorium

351 2315 423 2383 vita
446 2316 568 2382 functis
591 2315 722 2393 babuit,
758 2319 790 2382 in
814 2319 933 2402 quibus
955 2337 1070 2386 onnes
1092 2320 1224 2404 ingenii
1250 2321 1341 2386 virea

350 2420 392 2469 ac
414 2399 624 2487 eloquentiae
648 2403 746 2469 dores
768 2403 937 2480 adhibuit,
973 2411 1008 2468 ut
1036 2403 1237 2470 consolandi
1269 2425 1342 2468 mn·
1404 2411 1405 2418 ’

239 2507 244 2514 ·
351 2504 433 2638 qere
462 2505 560 2572 qaum
583 2487 705 2574 optime
728 2487 980 2576 defungeretur.
1006 2485 1094 2554 Sunt
1116 2491 1342 2556 artemisiae

379 2589 456 2641 uae:
562 2627 569 2639 .

287 2697 333 2791 a)
356 2683 576 2761 Consolatio
601 2686 649 2761 da
672 2685 786 2760 libita
819 2657 1082 2773 Valentiniani
1108 2681 1201 2780 Ψ)
1226 2701 1342 2784 jnnio-

350 2789 1344 2966 corniculanae‘ratiocinatione

351 2969 373 3017 a
402 2968 491 3016 vivis
521 2953 675 3020 sublatus
705 2955 814 3018 fuerat
843 2955 927 3031 (vid.
958 2974 1062 3040 supra
1090 2939 1129 3032 8.
1155 2953 1248 3030 118).
1293 2951 1341 3017 lm

341 3033 495 3102 solemni
513 3035 619 3119 ipsios
643 3038 758 3101 fonere
768 3037 949 3104 Mediolani
963 3036 1000 3104 S.
1015 3039 1205 3105 Ambrosios
1227 3055 1344 3121 egre-

382 3119 444 3185 iam
471 3119 588 3186 babuit
610 3116 818 3199 Orationem,
851 3141 917 3207 qua
945 3121 1066 3189 luctum
1093 3143 1206 3198 snum,
1232 3121 1344 3186 totins

265 3219 269 3226 ·
354 3139 477 3274 ltaliae
513 3211 549 3271 et
578 3203 754 3272 Ecclesiae
790 3206 832 3272 de
865 3213 969 3272 morte
1002 3208 1089 3275 tanti
1124 3205 1344 3292 Imperatoris

351 3291 427 3356 fuse
457 3288 635 3382 describit,
665 3291 765 3356 ritum
792 3291 881 3357 illins
913 3292 1080 3378 integram
1111 3313 1133 3358 a
1161 3291 1269 3378 prima
1286 3293 1346 3372 ju-

88 3487 95 3498 a
211 3504 216 3513 x
231 3475 438 3496 Um·—

196 3632 198 3640 ν
278 3599 310 3662 i)
328 3603 425 3681 beatio
443 3606 557 3662 baeotu
578 3607 647 3656 adit.
666 3606 787 3656 mnnita.
815 3607 874 3668 nost
898 3607 928 3656 S·
947 3605 1085 3657 ambroatt
1111 3605 1196 3668 aptat·
1215 3603 1265 3655 at.
1292 3565 1347 3654 ad-

327 3679 425 3735 Juncta
443 3679 591 3740 reperitur.

258 3759 306 3824 ”t
323 3771 419 3820 sermo
438 3773 549 3822 nicaeo
570 3775 677 3834 notius,
700 3775 725 3822 si
752 3783 809 3822 rem
835 3775 992 3824 accuratius
1017 3775 1211 3835 tuaptrtnruaa.
1238 3773 1350 3832 duplex

288 3879 292 3886 .
329 3841 442 3900 a'armo,
462 3855 577 3904 quorum
597 3845 671 3892 niter
688 3843 718 3890 tn
737 3844 918 3904 reliquiarum
938 3847 1053 3894 tatarum
1074 3846 1254 3901 inventione,
1270 3843 1352 3890 aiter

327 3912 456 3970 aequanti
482 3915 528 3962 dte
557 3915 585 3962 tu
610 3913 759 3962 earundem
784 3913 968 3964 tennalattuna
995 3917 1104 3964 babitus
1131 3917 1192 3972 eat,
1216 3915 1353 3960 inaarm

330 3982 518 4040 macricuria
538 3983 567 4032 8.
588 3983 728 4032 Ambrosii
746 3992 791 4042 an.
811 3981 858 4032 22·
878 3996 907 4034 ιι.
926 3983 1024 4035 3-13.
1043 3989 1073 4035 et
1092 3999 1120 4034 n.
1142 3980 1260 4034 15-23.

214 4119 216 4126 ,
240 4070 303 4140 Μ>
322 4079 353 4126 ln
377 4078 499 4138 anttqrtta
525 4065 801 4147 adttmntbuabujun
825 4077 934 4141 anatha
953 4083 1101 4144 inscriptio
1115 4083 1201 4129 erate
1237 4075 1355 4129 oratio

325 4143 455 4213 oenatria
474 4147 509 4196 da
526 4145 609 4196 Obitu
632 4147 824 4198 Valentiniani
842 4149 1057 4210 faeneratoris,-
1083 4154 1111 4201 tn
1140 4151 1264 4208 Romana
1292 4161 1356 4198 aa·

326 4215 546 4349 gadailtllml
582 4214 617 4263 fn
636 4216 718 4267 aetra
741 4215 935 4270 Valentiniani
948 4218 1081 4280 juratoria
1100 4217 1214 4282 ariarecti
1232 4216 1356 4268 caneto
