2906 4652
208 258 272 324 562
303 302 308 311 ·

232 443 258 507 1.
294 422 497 500 oration&
534 422 607 496 '45'
628 437 666 506 S·
697 395 970 526 Gregorii-Nau.
998 435 1107 527 bodie
1126 444 1323 522 supersunt,

295 544 430 611 quarum
453 523 547 589 varia
568 524 685 588 iterum
708 541 837 612 genera
861 521 1022 604 distingui
1045 528 1194 606 possunt·
1220 522 1323 588 Prin-

211 621 217 641 ·
294 609 405 695 oipem‘
423 606 635 672 hauddubie
655 606 763 674 locum
787 605 872 670 iuter
893 607 1031 672 easdem
1047 611 1231 688 occupant:

276 715 319 810 l)
345 720 514 866 βνῦίίοῗῖ
536 695 749 876 ιῗυὲζηῖιίξσην,
772 718 803 864 ilo
834 718 951 865 arginus
979 700 1134 864 continentt
1150 717 1324 865 gratiores

412 824 427 865 e
504 824 571 866 roo
611 826 630 863 o
685 820 775 876 ‚coo
794 818 830 864 ra
885 817 1118 866 unormunose
1181 819 1322 865 neuma·
1417 841 1418 850 κ

210 967 214 974 .
258 951 260 958 ,
337 823 807 969 romocbosCmiimntmopon
831 886 1072 968 pronuntiatae,
1094 902 1180 971 quiae
1202 892 1327 950 tantae·

301 993 309 1009 ·
338 971 546 1045 admirationi
569 968 715 1034 saeculis
739 969 974 1054 posterioribus
998 969 1148 1043 fuerunt,
1175 976 1210 1032 ut
1231 966 1321 1032 Gre-

337 1055 455 1138 gorius
477 1053 556 1119 inde
584 1053 736 1136 Theruingi
758 1063 942 1138 cognomen
966 1052 1145 1118 obtinuerit
1165 1052 1226 1124 ”b
1280 1053 1321 1116 ln

338 1134 430 1207 Orat.
452 1139 498 1218 1.,
521 1156 607 1224 quae
630 1136 733 1202 veluti
757 1137 955 1222 prooemium
978 1156 1038 1202 seu
1063 1134 1232 1202 Praelatio
1260 1155 1322 1202 ce-

337 1234 480 1292 terarum
503 1233 644 1307 quatuor
666 1218 821 1285 babendo
843 1229 915 1299 est,
938 1219 1098 1297 ostendit,
1125 1219 1239 1318 qualis
1255 1220 1321 1286 de-

338 1311 538 1384 boaressia,
569 1305 622 1389 qui
653 1305 725 1369 volt
755 1309 941 1370 sermonem
962 1303 1005 1370 de
1027 1303 1101 1370 Deo
1132 1303 1319 1378 instituere,

334 1391 414 1456 dein
435 1405 544 1454 coram
566 1387 686 1472 quibus
709 1406 750 1454 ao
771 1407 834 1473 quo
863 1394 1030 1475 tempore,
1064 1388 1107 1452 de
1135 1387 1251 1473 quibus
1280 1395 1320 1452 et

337 1490 510 1570 «pinusque
532 1471 575 1538 de
598 1471 670 1538 Deo
695 1471 924 1537 disserendum
948 1473 1010 1538 sit:
1041 1467 1107 1536 bio'
1121 1471 1234 1556 itaque
1256 1489 1321 1538 ne-

301 1585 306 1590 ·
336 1577 518 1626 cessarium
541 1574 620 1621 esse
642 1555 751 1632 docet,
774 1563 810 1621 ut
832 1557 874 1635 is,
900 1559 952 1642 qui
976 1555 1018 1621 de
1040 1555 1113 1623 lleo
1137 1556 1241 1621 verba
1265 1555 1320 1619 la-

157 1714 163 1726 ,
279 1647 283 1654 ”
337 1662 414 1710 cere
436 1640 575 1728 cogitat,
598 1642 739 1705 animum
761 1648 795 1705 et
817 1651 936 1723 corpus
959 1660 980 1704 a
1002 1637 1320 1706 vitiorumsordibus

232 1799 234 1803 ,
337 1725 532 1814 purgaverit
553 1730 588 1790 et
609 1724 642 1789 in
666 1725 918 1807 contemplando
942 1725 1075 1812 longius
1099 1726 1320 1807 processeritq

336 1831 447 1877 coram
475 1804 672 1874 Gentilibusv
694 1806 737 1872 de
766 1807 838 1874 lloo
869 1823 1038 1874 nonesse
1065 1807 1321 1890 disputandum

341 1914 439 1981 porro
461 1891 503 1957 de
528 1891 578 1959 bis
603 1892 725 1967 solum,
759 1913 844 1976 quae
871 1893 998 1979 ingenii
1025 1894 1128 1957 nostri
1155 1892 1321 1958 modulum

337 1987 373 2046 at
398 1999 439 2044 ue
460 1977 622 2042 auditoris
646 1984 775 2060 captum
798 1995 862 2042 non
885 1975 1061 2050 excedunt,
1076 1975 1321 2046 disserendum.

237 2063 242 2076 '
340 2000 395 2128 ubi
417 2061 556 2146 singula·
576 2060 675 2126 etiam
698 2060 841 2141 objecto,
865 2061 896 2124 in
920 2061 1038 2144 quibus
1060 2061 1190 2125 versari
1214 2061 1322 2144 possit

338 2143 452 2218 Oratio
477 2145 518 2210 de
543 2143 614 2208 Deo
637 2142 765 2214 babila.
800 2153 958 2209 accurate
988 2144 1145 2220 eoolbem
1176 2144 1321 2230 denique

283 2252 289 2264 ·
337 2229 586 2293 immoderatam
632 2225 822 2311 disputandi
868 2228 1034 2293 libidinem
1078 2227 1319 2294 hoereticorum

337 2312 458 2378 acerbe
486 2310 650 2398 exagitat·
694 2307 854 2376 Oratione
882 2312 945 2382 ΙΙ.
975 2314 1130 2378 invocata
1152 2311 1220 2378 SS.
1239 2311 1319 2375 'rri-

339 2397 454 2474 nitate,
477 2395 520 2463 de
541 2397 616 2481 ipso
639 2392 722 2472 ileo,
746 2394 824 2460 licet
846 2395 1028 2480 trepidans,
1050 2415 1234 2462 sermonem
1248 2415 1322 2482 ‘ag-

337 2479 508 2567 greditur3
520 2481 585 2544 Det
601 2480 807 2542 existentium
829 2481 1044 2545 invictissime
1061 2481 1194 2560 statuit3
1213 2481 1322 2563 ipsius

338 2584 418 2631 vero
447 2575 598 2628 tentorum
628 2584 682 2637 rear
713 2565 878 2626 errerrtr'om
913 2583 975 2629 nec
1004 2565 1116 2629 verbis
1148 2565 1321 2649 explicari,

339 2669 403 2716 neo
424 2648 595 2715 intellectu
618 2646 852 2732 comprehendi
877 2667 977 2732 posse
991 2647 1175 2736 =declarat3
1209 2649 1322 2734 aliqua

339 2735 449 2798 tamen
482 2733 524 2797 de
553 2733 626 2810 ejns
659 2737 779 2794 natura
808 2731 936 2796 ratione
966 2731 1107 2796 brimauo
1127 2733 1256 2830 concipi
1286 2742 1322 2796 et

337 2816 480 2900 intelligi
505 2833 620 2900 posse,
649 2814 702 2878 ubi
733 2813 895 2880 bumanae
917 2816 1047 2901 qrridem
1071 2815 1206 2888 rationis
1229 2816 1321 2880 mbr-

213 2939 216 2946 ·
342 2899 440 2963 unitas
468 2901 502 2962 io
532 2899 633 2962 rebus
661 2896 703 2961 ad
728 2895 833 2963 Deum
863 2899 1103 2984 pertinentibus
1135 2899 1322 2966 loculenter

344 2981 599 3060 demonstratur,
620 2977 721 3044 nihilo
743 2987 854 3047 tameo
877 2985 1002 3062 minus,
1024 2991 1176 3074 quantum
1199 2983 1323 3050 homini

340 3065 395 3132 fas
416 3073 471 3134 est
498 3064 653 3149 assequi,
679 3065 802 3130 multae
831 3066 929 3133 ideae
955 3069 1113 3134 sublimes
1143 3077 1321 3134 occurrunt

340 3151 432 3216 circa
448 3151 510 3212 llea‘
531 3157 680 3214 naturam
702 3151 840 3234 musque
854 3153 1033 3229 attritorum
1056 3151 1131 3218 deni
1157 3172 1198 3216 ue
1220 3153 1323 3217 etiam

339 3234 551 3298 idololatriae
572 3234 669 3316 origo
692 3233 745 3299 bic
767 3235 965 3319 explicatur.
1009 3233 1100 3302 Orat.
1120 3171 1184 3300 til.
1209 3246 1244 3301 et
1260 3237 1321 3300 lll.

267 3339 269 3342 ’
340 3318 483 3386 adstruit
504 3317 738 3402 aequalitatem
760 3319 855 3384 trium
900 3340 1091 3387 ersonorum
1114 3328 1215 3406 atque
1229 3319 1322 3384 divi-

340 3403 477 3469 nitatem
499 3401 593 3482 Filii,
627 3405 662 3469 et
690 3402 859 3489 plerisque
914 3404 1032 3470 unomii
1065 3402 1326 3488 sophismatibus

341 3507 384 3553 ex
407 3487 548 3562 bumana
571 3485 699 3552 ratione
722 3485 875 3554 deductis
896 3489 985 3570 W),
1007 3494 1106 3575 atquo
1127 3487 1325 3570 objectioni-

216 3671 425 3690 ———

266 3801 657 3874 *aoraaxxvu-xxxr.
677 3813 727 3870 (or.
745 3811 876 3874 os-ar.)
895 3818 1000 3868 nomen
1021 3819 1087 3867 noe:
1115 3789 1267 3868 semona
1285 3815 1324 3865 aa

271 3921 273 3926 ,
317 3878 475 3946 Ttootopta
493 3885 553 3945 ipsa
572 3884 724 3946 Gregorius
742 3886 855 3936 adhibet
874 3885 952 3937 orat.
971 3885 1017 3939 28.
1036 3899 1064 3936 n.
1087 3887 1109 3937 1.
1139 3893 1145 3905 ·

149 4021 153 4028 ,
251 3973 302 4037 **)
322 3977 387 4028 Vld.
406 3977 436 4029 c.
454 3981 567 4031 Baroolt
586 3981 654 4032 Vlta
672 3975 703 4030 S.
721 3981 838 4046 Gregor.
858 3983 927 4034 Nan.
947 3996 975 4033 n.
995 3981 1041 4034 86.

232 4068 296 4137 ml
315 4075 414 4128 lindam
432 4077 493 4129 tera
512 4079 555 4129 blo
573 4079 663 4138 (orat.
682 4075 1095 4199 111.)oocurruugsopbtsurata
1114 4080 1251 4139 Eunomlb
1274 4091 1328 4128 so-

299 4150 699 4282 ·l:bl¹:‘llltnll¹:”nlf
706 4153 935 4288 bilbilim.
946 4152 1111 4272 mio.
1128 4153 1151 4202 ¹·
1170 4155 1200 4202 ⁰²
1213 4151 1250 4200 ¹¹·
1270 4149 1330 4200 '⁴‘
