2948 4662
548 625 726 724 caput
759 625 854 707 lv.

146 815 205 888 lle
231 809 308 887 88.
337 807 526 902 Patribus,
565 813 626 908 qui
659 814 815 886 maxime
848 809 1074 886 divinitatem
1101 811 1191 888 nnn
1216 817 1255 887 et

277 911 441 1014 Spiritus
468 911 509 990 8.
547 913 700 989 saeculo
730 913 793 989 tv.
823 915 1052 1002 illustrarunt
1079 939 1124 992 oo

575 1013 835 1090 defenderunt.

640 1274 677 1364 §-
696 1289 768 1351 101.

380 1429 570 1510 Complector
593 1437 624 1488 et
647 1427 817 1489 character
838 1429 929 1510 tram
951 1427 1033 1492 κατ’.

235 1595 334 1665 Haud
355 1595 455 1662 molto
478 1600 555 1680 post
576 1593 702 1660 saecoli
726 1595 833 1679 quarti
854 1595 965 1675 initia,
994 1615 1090 1679 quum
1112 1613 1172 1692 per
1194 1595 1257 1662 de-

148 1699 220 1748 cem
243 1679 347 1748 ferme
369 1697 474 1746 annos
507 1685 656 1746 extrema
676 1681 870 1829 gersecotio
898 1680 961 1746 sub
984 1678 1191 1746 Diocletiano
1223 1685 1259 1745 et

148 1765 364 1839 Maximiano,
386 1765 568 1850 iterumque
590 1763 653 1828 sub
710 1761 812 1828 alerio
834 1775 869 1830 et
890 1763 1072 1830 Maximino
1092 1761 1259 1830 Christia-

149 1869 213 1915 nos
237 1849 310 1914 dire
332 1847 524 1925 aillixisset,
555 1847 634 1912 inde
657 1847 699 1912 ob
722 1864 809 1913 anuo
831 1849 894 1913 ata
916 1853 1078 1914 cruentae
1097 1865 1259 1932 persecu·

150 1933 261 1999 tiones
284 1939 471 2009 cessarunt,
493 1939 528 1998 et
550 1930 726 2016 tranquilla
741 1949 835 2081 face
848 1930 1048 1998 Christianis
1069 1931 1135 1998 frui
1155 1930 1259 2012 arnt,

150 2017 294 2084 maxime
316 2017 359 2082 ab
381 2034 422 2081 eo
444 2023 613 2102 tempore,
644 2035 709 2102 quo
765 2016 885 2082 evictis
918 2015 1056 2082 aemulis
1088 2015 1258 2103 imperium

149 2101 335 2167 Romanum
358 2099 599 2166 Constantinus
620 2097 768 2186 Magnos
790 2099 883 2167 solus
905 2099 1055 2167 obtinuit.
1098 2099 1156 2173 ls,
1179 2098 1259 2166 licet

150 2185 315 2270 baptismo
337 2184 482 2251 nondum
504 2182 671 2266 initiatus,
698 2183 760 2250 sed
791 2183 1014 2250 tantummodo
1036 2181 1259 2250 Cateehume-

151 2267 657 2440 plurrimorum
679 2267 1043 2440 c,roronearu
1194 2265 1259 2416 r

270 2400 280 2432 t
661 2400 670 2432 s
1165 2399 1175 2431 s
1241 2386 1259 2403 “

153 2437 212 2513 vit,
234 2436 381 2522 plurimis
404 2435 574 2504 beneficiis
595 2439 738 2515 ornavit,
760 2455 899 2522 eamque
921 2437 1068 2502 subditis
1090 2453 1259 2501 commeo·

155 2517 259 2586 davit
303 2519 467 2605 Principis
500 2521 541 2586 od
574 2521 761 2608 exemplum
796 2521 941 2606 plurimi,
974 2518 1028 2588 rel
1065 2519 1259 2585 adulatione
1306 2577 1310 2580 .

154 2601 331 2689 studioque
353 2603 506 2688 placendi
527 2601 745 2670 Constantino
768 2604 875 2684 docti,
904 2605 958 2670 vel
989 2603 1131 2670 terrenis
1158 2601 1260 2669 locris

155 2687 342 2767 inhiantes,
365 2687 508 2755 Etbnico
529 2689 769 2773 superstitione
791 2689 941 2773 objecta,
970 2687 1013 2756 od
1038 2705 1138 2753 sacra
1159 2685 1258 2753 Chri·

155 2771 267 2837 stiaoa
295 2773 507 2839 transierunt.
550 2772 685 2872 lmperii
714 2791 949 2853 successores,
977 2771 1073 2838 modo
1108 2770 1260 2857 excipias

155 2854 335 2935 lulianum,
357 2857 413 2943 qui
434 2876 499 2924 noo
520 2875 582 2944 per
603 2863 771 2938 integrum
794 2856 957 2922 biennium
981 2856 1155 2942 regnavit,
1176 2873 1260 2922 eon·

155 2939 230 3004 dem
251 2946 389 3007 tenuere
413 2940 515 3018 riam,
545 2960 641 3024 qoam
664 2937 904 3008 Constantinus
933 2940 1055 3027 primos
1082 2941 1260 3026 ingressus

155 3022 272 3090 iuerat.
314 3023 510 3092 Columnioe
530 3026 606 3091 oliur
628 3025 662 3090 in
684 3024 893 3093 Christianos
913 3028 1079 3108 jactatae,
1109 3043 1182 3089 oum
1205 3043 1260 3091 re-

153 3107 237 3192 ligio
256 3105 449 3174 Christiano
470 3111 609 3194 ejusque
632 3111 762 3176 iuterna
785 3110 869 3174 ratio
892 3111 1028 3174 omnium
1060 3110 1167 3173 oeulis
1198 3127 1261 3192 po-

153 3198 258 3269 teret,
291 3191 395 3256 veluti
432 3192 530 3256 leves
562 3193 703 3259 nebulae
735 3193 917 3259 irradiante
950 3193 1040 3269 sole,
1073 3191 1259 3276 dissipatae

152 3279 244 3338 sont.
287 3273 376 3339 Hinc
405 3275 594 3371 praecipuis
623 3279 850 3366 apologiarum
882 3275 996 3340 causis
1025 3274 1167 3342 sublatis
1199 3273 1261 3340 boc

151 3354 347 3441 scriptionis
377 3375 489 3442 genus
521 3377 554 3422 rn
584 3368 750 3446 posterum
779 3363 850 3426 tere
880 3359 1040 3425 cessarit.
1084 3357 1183 3424 Unde
1206 3359 1261 3442 uni

149 3439 291 3506 sacculo
313 3447 430 3526 quomo
452 3441 613 3509 colomam
647 3444 684 3510 in*
703 3444 857 3510 Gentiles
885 3443 1108 3520 strinxerunt,
1141 3439 1262 3508 Sancti

149 3525 285 3604 Patres,
308 3525 384 3592 istis
405 3524 555 3594 omuibus
578 3529 701 3605 missis,
723 3531 779 3594 uel
799 3527 999 3608 Gentilibus
1021 3528 1076 3610 qui
1098 3525 1207 3591 adbuc
1227 3526 1261 3592 io

148 3608 321 3675 erroribus
355 3609 504 3695 pristinis
533 3609 736 3689 haerebant,
771 3611 975 3698 persuadere
1009 3618 1044 3678 ot
1077 3609 1263 3677 loerrlenter

149 3691 383 3760 demonstrare
413 3696 635 3776 conabantur,
664 3695 770 3764 solam
810 3695 1007 3784 religionem
1038 3687 1262 3762 Christianam

150 3777 336 3844 doctrinan
358 3784 392 3844 et
421 3780 545 3846 cultum
574 3799 656 3846 esse
683 3780 931 3860 rationabilem,
965 3779 1038 3844 Deo
1068 3779 1262 3867 homineque

149 3859 309 3957 digoom3
333 3861 419 3929 alins
440 3863 554 3930 futiles
575 3871 611 3929 et
631 3865 890 3931 inanes-loliani
914 3872 1054 3930 conotus
1078 3864 1263 3942 deridebat,

149 3943 353 4042 triumphum
374 3946 418 4014 de
439 3949 618 4034 prostratis
640 3947 705 4014 diis
733 3966 867 4036 ageos,
899 3949 984 4014 alius
1011 3948 1155 4034 denique
1182 3947 1264 4014 reli-

145 4048 240 4117 quus
262 4027 416 4097 ethnicae
438 4031 612 4120 religionis
635 4033 860 4120 exstirpandis
882 4034 1029 4100 intentos
1048 4043 1132 4100 erat.

240 4139 366 4208 Verum
388 4140 455 4207 alio
477 4142 641 4229 quaedam
664 4164 720 4212 res
742 4163 845 4211 verae
875 4143 950 4210 talei
981 4153 1136 4228 patronos
1163 4140 1262 4205 multo

145 4226 268 4314 magis
289 4225 496 4313 exurgitavit,
519 4245 698 4314 omnesque
719 4247 831 4298 eorum
852 4231 943 4297 vires
971 4229 1123 4296 intendit.
1166 4223 1264 4290 Nora

1015 4343 1057 4404 22
