2948 4662
243 313 311 378 252

245 495 316 544 roni
343 477 531 566 ingenuos,
559 493 692 542 suumn
718 479 833 558 utpote
859 471 1046 560 opinionum
1073 490 1117 540 ex
1145 471 1265 542 iisdem
1286 475 1355 542 eli-

242 561 434 627 ciendaruru
458 562 533 648 plus
554 577 662 646 usquo
683 558 873 642 studiosusp
895 557 928 623 iu
944 575 1058 624 aarum
1073 565 1183 624 uuteor
1205 559 1353 626 lectione

243 646 293 712 itu
321 656 477 712 versutus
506 652 597 722 erut,
629 650 665 710 ol
693 643 805 710 varios
827 641 915 708 baud
942 661 1018 710 raro
1040 643 1073 708 in
1097 643 1194 709 unico
1217 645 1355 728 periodo

243 729 336 798 locos
356 730 422 796 sibi
443 729 585 796 invicem
606 728 803 814 attexuorit3
832 743 992 811 graecum
1011 745 1092 794 vero
1114 734 1240 794 textum
1261 747 1355 796 seor·

244 833 304 900 per
325 815 367 878 ob
389 813 504 879 oeulos
525 812 659 890 babuit,
711 829 785 877 uem
814 829 857 878 ex
880 811 1192 960 propriacvcrsione
1215 811 1352 878 latinum

243 893 400 963 reddidit.
447 896 567 982 stylus
587 898 661 979 eJus
713 895 840 960 uriliem
862 915 939 980 pos
962 914 1059 980 quum
1084 893 1276 962 Africanam
1298 915 1354 963 rc-
1435 965 1440 976 ,

245 980 348 1048 dolet.
391 981 431 1048 lu
465 981 579 1047 verbis
613 977 819 1064 amplitudini
851 985 886 1044 et
916 975 951 1044 vi
984 976 1187 1067 cogitatuum
1219 999 1353 1046 suornm

244 1061 1356 1214 :uffllllttllll'tttttttttttulzititillet

242 1252 288 1300 ex
309 1233 368 1300 illu
389 1232 543 1300 dictionis
564 1193 768 1298 instaurate
785 1231 955 1298 sententia
971 1233 1117 1298 noctuis
1133 1194 1353 1317 renudato

243 1317 373 1402 potius,
394 1335 491 1402 quum
513 1317 615 1402 probe
637 1313 869 1400 perspiciendo
892 1321 1036 1382 cruatur.
1081 1315 1195 1382 Voces
1217 1316 1353 1382 obsole-

241 1407 318 1476 lae‚
347 1406 407 1467 aot
434 1418 555 1466 recens
588 1399 748 1466 formatae
777 1404 835 1464 aot
862 1401 1056 1474 affectatue,
1085 1401 1351 1466 constructiones

242 1483 416 1550 verborum
438 1501 600 1570 asperae,
627 1482 807 1550 abusiones
835 1483 968 1562 variae,
995 1483 1104 1569 stylos
1128 1485 1205 1550 inae
1231 1483 1352 1550 ualiter

240 1568 366 1649 tineos,
388 1568 559 1634 condenso
580 1569 741 1648 brevitas,
763 1565 912 1632 audaces
934 1568 1147 1666 metaphorae
1169 1576 1205 1634 et
1248 1587 1351 1653 yper-

242 1651 356 1732 bolae‚
377 1651 542 1719 dictiones
563 1651 719 1728 validae,
740 1657 777 1716 ut
798 1668 924 1736 ‚‚pene,
948 1661 1025 1737 qrrot
1046 1653 1169 1732 verbu,
1198 1658 1248 1718 tot
1270 1669 1352 1720 sco·

240 1735 386 1816 tentiae,
407 1741 488 1822 quot
507 1755 648 1816 seusus,
678 1741 727 1800 tot
748 1737 816 1800 sint
837 1733 1019 1802 victoriae“
1040 1737 1085 1817 *1.
1106 1737 1350 1823 'l'ertulliunuro

242 1821 364 1907 ubique
388 1821 539 1908 produnt.
583 1821 695 1888 Habet
717 1828 826 1886 tamen
848 1819 958 1904 stylus
973 1819 1172 1887 'lenolliani
1191 1824 1352 1904 majesta·

241 1911 308 1971 teor
331 1905 495 1992 qouoduru
517 1905 582 1971 sibi
602 1905 767 1991 proprium
788 1912 824 1972 ct
843 1905 1007 1989 grandem
1026 1905 1261 1991 eloquentium,
1274 1907 1351 1972 sule

239 1993 276 2054 et
297 1990 446 2056 acumine
468 1991 639 2074 plurinum
661 1987 845 2065 conditum,
874 2007 961 2074 quae
991 1989 1087 2058 simol
1117 1990 1264 2076 legentis
1298 1991 1352 2056 in·

239 2074 372 2158 genium
400 2080 538 2138 exercet
565 2078 599 2137 et
626 2074 769 2138 unimam
800 2075 953 2140 suaviter
987 2073 1146 2141 delectat.
1202 2075 1243 2140 lo
1276 2075 1351 2144 suis

238 2155 393 2252 scriptis,
425 2156 455 2220 si
485 2173 610 2241 paucas
639 2156 803 2242 quasdam
832 2156 898 2238 ipsi
926 2157 1111 2242 peculiares
1133 2177 1241 2257 neque
1262 2179 1352 2247 gru-

238 2256 342 2303 vrorrs
364 2240 518 2305 momenti
539 2240 727 2306 sententies
748 2243 1008 2325 uo'praescrtiro
1030 2243 1063 2307 io
1081 2242 1214 2328 scriptas
1230 2253 1352 2328 poste-

238 2321 380 2390 rioribus
401 2322 573 2396 notissimo
594 2323 747 2390 Montani
767 2322 809 2390 do
871 2331 928 2391 uta
953 2326 1107 2414 excipias
1128 2328 1199 2408 ‘*)‚
1231 2345 1352 2414 pura·
1438 2389 1439 2422 p

237 2407 362 2492 puusiro
384 2425 457 2474 cour
480 2408 650 2496 gravitate
671 2407 769 2476 lideru
820 2408 997 2476 atbolieam
1028 2412 1197 2497 proponit,
1223 2409 1352 2479 ardore

237 2509 300 2557 suo
323 2493 508 2582 legentium
528 2493 657 2560 unimus
680 2494 723 2560 ad
748 2495 889 2560 virtutes
910 2495 1065 2561 accendit
1093 2502 1129 2562 et
1156 2497 1351 2576 inomni,

236 2575 453 2676 dubiumque,
481 2595 580 2664 quon
600 2577 675 2656 sois
691 2579 830 2665 scriptis
852 2577 1027 2665 aspergit,
1056 2579 1160 2646 loce·
1189 2599 1352 2666 compen·

238 2667 295 2726 sat
318 2679 415 2746 copru
445 2669 480 2726 et
501 2664 655 2730 ubertate
677 2663 877 2739 veritatum,
909 2682 993 2748 qous
1014 2663 1145 2734 solicito
1167 2667 1351 2732 scrutatori

236 2743 389 2829 detegit,
420 2764 527 2811 rerum
558 2747 611 2810 sui
638 2746 716 2811 aevi
743 2747 1047 2814 ecclesiasticorum
1069 2749 1167 2816 testis
1194 2749 1352 2836 locuple·

235 2827 395 2892 tissimus.
428 2827 519 2890 luter
540 2829 613 2910 ejus
625 2825 736 2913 Opera
757 2827 999 2915 pulchritudine
1019 2838 1055 2898 et
1077 2833 1218 2900 utilitue
1238 2851 1352 2918 prue-

234 2913 350 2972 stunt:
396 2908 656 2995 Apologeticos,
676 2911 761 2978 liber
782 2914 826 2979 de
848 2915 1182 3002 praescriptionibus,
1202 2917 1277 2984 libri
1305 2917 1352 2986 dc

235 2992 411 3076 baptismo,
434 2991 477 3056 de
500 2994 713 3076 poenitentia,
735 2993 779 3062 de
801 2998 963 3082 patieutis
983 3006 1019 3067 et
1040 2999 1084 3068 de
1102 3002 1261 3084 oratioue,
1279 3001 1352 3070 de-

232 3093 317 3141 ιιιιιιιι
339 3075 525 3144 exhortatio
547 3078 590 3145 ud
614 3080 817 3166 martyrium.

233 3241 425 3310 Editiouer:
448 3243 559 3326 Opere
582 3245 778 3312 Tertulliani
801 3251 923 3332 primur
945 3252 999 3314 ed.
1022 3249 1143 3318 Brutus
1165 3251 1349 3322 llbenunuu

444 3329 599 3394 Basileus
626 3339 715 3398 1521.
739 3332 799 3401 lol.
843 3332 928 3399 Dein
954 3337 1006 3398 ed.
1028 3336 1057 3400 J.
1077 3337 1238 3402 l'urueliuu
1259 3339 1348 3406 anr-

442 3437 540 3496 werp.
566 3420 656 3482 1579.
688 3415 748 3484 iol.
778 3417 831 3480 ed.
861 3415 901 3480 N.
925 3419 1088 3502 Rigaltiuu
1117 3421 1220 3486 Parin.
1246 3431 1346 3492 1634.

442 3511 475 3561 et
507 3502 631 3562 auctius
662 3498 766 3565 Paris.
797 3509 888 3569 1641.
911 3515 943 3569 et
974 3512 1065 3568 1664.
1087 3503 1148 3571 lul.
1193 3504 1348 3573 Vooetiiu
1435 3497 1436 3532 ³

444 3589 536 3646 17111.
560 3596 591 3646 ot
615 3580 730 3648 niellus
755 3591 847 3650 1744.
871 3585 930 3650 tol.
952 3624 994 3636 -
1024 3589 1076 3652 ed.
1098 3588 1128 3654 J.
1152 3589 1189 3657 S.
1210 3589 1348 3656 simler

442 3663 551 3728 Holus
577 3672 776 3762 11711-16.
807 3675 828 3732 6
851 3667 940 3733 voli.
968 3673 1001 3734 in
1025 3677 1077 3737 8⁰.
1113 3678 1236 3755 (rocus.
1258 3675 1346 3741 ibid.

233 3845 443 3863 m

197 3937 201 3944 ⁵
281 3949 313 4013 *l
330 3957 360 4007 s.
379 3959 513 4010 Vincunt.
531 3959 621 4010 Ltrlu·
640 3961 662 4012 l.
681 3973 708 4012 o.

264 4047 313 4119 u)
331 4055 372 4106 ns
385 4029 434 4106 ‘aa
452 4057 491 4106 u.
510 4058 831 4113 commereamur
849 4075 910 4116 ιιι
928 4068 1051 4119 amose
1066 4069 1096 4120 u.
1116 4069 1234 4120 ιιιοιιι
1254 4081 1344 4132 pns-

332 4125 387 4176 txa
404 4123 468 4191 ejus
484 4129 603 4179 cottlorn
617 4129 871 4194 opp-benutlluul.
904 4137 949 4188 ct.
968 4143 1054 4190 etlam
1072 4142 1107 4190 nc
1124 4141 1255 4191 doctum
1266 4141 1345 4191 uer-

331 4197 579 4274 tuntur-uum
596 4201 628 4250 u.
648 4203 699 4254 vn
717 4215 744 4254 e.
762 4201 790 4254 o.
807 4215 887 4269 roro·
905 4202 946 4273 (n
965 4207 1017 4264 unt
1035 4209 1129 4277 rous-l
1153 4215 1184 4264 οι
1201 4211 1238 4263 ιι
1256 4221 1345 4263 env-

331 4269 410 4322 rrbuu
427 4272 553 4334 eJusueur
570 4283 597 4324 o.
618 4272 661 4327 tt.
679 4271 721 4338 (ιι.
741 4271 793 4328 109
810 4275 913 4342 ”uu-l·
