2866 4668
211 296 274 364 608

818 468 826 486 ι
853 463 870 504 *
892 459 895 464 “
1019 475 1027 492 .
1256 475 1261 492 ,
1310 483 1312 491 ,

274 475 320 568 ⁸³
338 463 663 652 ditate
682 465 1328 659 tuttitorrerentur„ltu

338 655 471 718 tractat.
514 647 594 714 Cum
617 649 703 714 eninr
726 645 764 712 S.
782 647 905 712 Doctor
927 646 959 718 in
983 645 1146 730 prrorrlrus
1167 652 1327 712 tractatr-

339 730 949 798 busncconcionibustlatcchumenos
971 737 1201 812 competentes
1223 747 1325 813 quam

340 816 595 906 diligentissime
617 815 766 882 omnibus
781 813 994 880 Christianae
1016 814 1107 878 vitae
1130 816 1325 900 praeceptis

340 903 530 977 imbuisset,
566 908 666 986 utque
687 899 767 965 illud
791 900 971 984 praecipua
992 896 1135 984 quadarn
1159 916 1241 963 cura
1263 898 1326 962 do·

339 985 482 1062 auisset,
513 977 716 1070 quantopere
750 982 792 1048 ad
830 979 1010 1066 fugiendas
1043 980 1172 1046 saeculi
1203 981 1326 1066 volup·
1411 1021 1412 1028 κ

340 1075 429 1135 tates
451 1070 757 1156 obstringerentur,
787 1066 920 1130 tandem
941 1082 1018 1142 eos,
1045 1065 1100 1150 qui
1123 1065 1326 1150 baptismum

336 1149 1328 1319 tntsstz‘tttlttrlrittet*,ttttttetssltglllsr
1411 1213 1412 1218 t

341 1327 442 1404 atque
464 1319 636 1403 cupiditati
657 1281 817 1402 proclive,
838 1318 964 1382 sensim
978 1317 1011 1380 in
1028 1316 1212 1382 mundanas
1226 1318 1325 1403 inep-
1406 1322 1410 1335 '

338 1405 404 1467 tias
426 1403 548 1479 relabi,
577 1408 612 1466 et
643 1418 739 1488 quam
769 1401 814 1464 sit
841 1399 978 1466 arduum
1007 1399 1039 1464 in
1061 1407 1180 1465 sancto
1202 1419 1327 1486 propo·

339 1487 405 1552 sito
437 1495 680 1574 perseverare3'
708 1492 807 1568 atque
829 1484 911 1550 iden
944 1483 1043 1569 ipsis,
1079 1493 1114 1550 ut
1150 1483 1325 1548 indefesso

342 1589 441 1635 cursu
476 1570 644 1636 vanitates
673 1567 821 1657 fugiant,
856 1587 896 1632 ac
923 1585 1025 1653 supra
1053 1567 1130 1635 illas
1157 1569 1260 1654 positi
1281 1566 1327 1633 ad

310 1723 316 1736 Ι
340 1653 579 1740 perfectionem
601 1654 831 1721 indesinenter
853 1651 1076 1729 contendant,
1098 1650 1251 1718 omnibns
1273 1652 1328 1716 vi-

343 1739 434 1803 ribus
456 1737 668 1804 adnitendum
692 1755 771 1804 esse
793 1743 913 1801 monet.
944 1734 1076 1801 Deinde
1097 1737 1130 1801 in
1174 1754 1215 1800 no
1241 1735 1326 1801 lraee

342 1824 426 1909 iuga
447 1823 556 1908 posita
577 1823 632 1900 sit,
654 1821 823 1906 declarat3
845 1837 1008 1906 quamque
1029 1817 1095 1916 illis
1111 1755 1233 1916 eadem
1273 1817 1326 1884 lo·

342 1907 448 1982 riusa,
473 1905 579 1984 utilis,
607 1905 800 1971 necessaria
820 1905 880 1982 sit,
909 1910 1088 1990 proposrtrs
1109 1903 1262 1969 Patriam:
1288 1922 1326 1968 a·

342 2009 424 2065 rum,
449 1989 695 2072 Prophetarum,
721 1987 952 2072 Apostolorum
974 1993 1074 2072 atque
1095 1987 1195 2052 etiam
1218 1988 1327 2072 ipsius

343 2071 467 2139 Christi
495 2073 626 2138 Domini
656 2072 818 2156 exemplis
850 2071 992 2149 evincit,
1023 2069 1173 2151 addens,
1206 2071 1325 2157 sugam

340 2157 437 2220 istam
466 2157 608 2222 celerem
642 2175 722 2222 esse
752 2155 885 2220 debere.
951 2151 1110 2236 Quoniam
1145 2171 1226 2219 vero
1261 2173 1325 2220 non

342 2237 493 2304 omnibus
515 2259 557 2304 ex
581 2241 699 2304 mrrndo
722 2240 903 2326 profugere
924 2237 1013 2318 licet,
1035 2237 1199 2322 ejusmodi
1219 2238 1324 2304 homi·
1411 2234 1412 2259 ¹

264 2369 272 2380 -
341 2321 439 2388 nibus
461 2324 579 2408 aperit,
601 2343 665 2408 qua
689 2325 817 2389 ratione
841 2323 994 2388 mundum
1013 2340 1150 2408 corpore
1174 2341 1241 2387 non
1263 2321 1323 2388 de-

340 2413 495 2473 serentes
517 2407 595 2473 inde
614 2409 721 2473 auimo
743 2407 892 2487 evolare,
914 2406 986 2473 Deo
1009 2407 1106 2472 nnice
1128 2405 1326 2482 adhaerere,

343 2489 528 2558 observare
550 2493 624 2575 ejus
646 2499 835 2578 praecepta,
860 2498 894 2556 ct
913 2489 1122 2580 occasionem
1144 2490 1326 2576 quamlibet

342 2574 479 2671 rrlterius
493 2577 625 2725 dinbvia
653 2578 785 2642 virtutis
813 2573 1049 2662 progrediendi
1072 2575 1221 2660 arripere
1245 2593 1326 2661 pos-
1410 2637 1411 2642 ,

341 2666 409 2724 srnt
429 2678 470 2726 ac
516 2666 647 2727 eeant.

280 2782 325 2873 a]
347 2769 465 2848 Libri
489 2773 567 2848 duo
592 2774 639 2849 de
664 2771 789 2848 Jacob
815 2781 851 2848 et
876 2777 957 2848 vito
983 2771 1101 2848 dania·
1123 2787 1203 2854 Vita
1224 2788 1327 2855 beata

340 2891 405 2938 seu
428 2874 597 2939 beatitudo
626 2891 723 2950 vera,
753 2872 1024 2958 quemadmodum
1047 2875 1117 2955 Jam
1142 2873 1220 2938 clim
1244 2871 1327 2956 plri-

341 2953 471 3039 losoplni
492 2963 733 3042 cognoverunt,
756 2958 910 3022 consistit
931 2959 963 3022 in
986 2957 1057 3022 vita
1078 2955 1245 3040 perfectae
1273 2955 1325 3020 ad

296 3091 299 3098 .
339 3036 427 3102 lianc
449 3045 557 3105 antem
579 3041 670 3104 vitae
693 3039 930 3122 perfectionem
954 3041 1120 3127 perveniri
1140 3057 1201 3106 non
1215 3057 1326 3122 posse

315 3121 459 3200 docet,
480 3123 543 3188 nist
566 3125 914 3209 perremperanusm,
942 3144 1007 3208 qna
1029 3121 1137 3190 omnis
1158 3121 1327 3209 copiditas

252 3255 258 3268 .
341 3223 405 3272 non
428 3207 560 3291 quidem
582 3207 805 3294 extinguitur,
833 3208 896 3273 sed
916 3209 1008 3289 juste
1038 3208 1248 3274 refraenatur
1277 3219 1324 3286 tn.
1410 3201 1411 3276 f

341 3291 463 3368 3-5.).
507 3291 604 3357 lianc
626 3293 728 3380 igitur
746 3290 838 3358 Deus
860 3292 902 3356 ali
924 3292 1015 3357 initio
1038 3291 1160 3358 homini
1180 3291 1327 3357 mauda-

340 3375 414 3463 vit3
437 3375 522 3440 haee
544 3375 706 3464 quomodo
730 3375 903 3440 observari
924 3375 1055 3450 debeat,
1076 3377 1152 3442 Lex
1169 3376 1329 3441 Moesica

340 3458 546 3526 enucleatius
570 3457 774 3542 deelaravit3
808 3458 893 3524 hane
921 3469 958 3524 ut
986 3457 1084 3526 facile
1105 3460 1329 3545 lubenterque

296 3573 301 3590 ·
338 3541 476 3627 implere
505 3543 684 3628 possimus,
713 3543 825 3628 gratia
847 3541 1175 3620 Clrristi,.immenso
1206 3543 1328 3610 mortis

221 3668 229 3686 .
341 3625 447 3708 ipsius
471 3627 631 3693 beneficio
661 3628 757 3692 nobis
786 3633 900 3713 parta,
931 3625 1066 3692 tandem
1087 3627 1209 3692 effecit.
1260 3627 1329 3692 llis

340 3708 521 3776 universim
549 3711 581 3776 in
609 3711 691 3775 libro
721 3712 748 3776 1.
773 3711 978 3791 constitutis,
1007 3710 1040 3775 iu
1074 3711 1180 3776 altero
1196 3709 1328 3774 ‘eadem

339 3791 553 3860 nobilisssimi
597 3795 757 3859 clarorum
784 3796 941 3860 ·virorum
982 3792 1119 3920 A'rrtiqni
1158 3793 1330 3860 Foederis

216 3987 422 4004 Ἀ

263 4109 293 4173 ¹¹)
312 4115 351 4164 lta
370 4115 472 4162 citatur
488 4125 505 4160 rr
523 4109 553 4163 8.
573 4117 729 4178 Augustino
749 4117 800 4168 tto.
818 4113 847 4167 4.
867 4121 965 4168 contra
983 4118 1053 4166 duaa
1071 4119 1155 4176 aput.
1176 4113 1333 4176 velamem.

314 4181 407 4300 ιῐιίὲῖ.
428 4187 457 4300 ebt
475 4180 522 4299 'tillo
541 4183 569 4231 2.
588 4188 685 4234 contra
700 4185 806 4234 Jnttan.
827 4199 855 4238 n.
874 4183 990 4236 oa-at.
1008 4185 1052 4240 ct.
1070 4187 1191 4235 usuris.
1213 4186 1333 4234 Adno-

221 4278 228 4286 -
314 4263 365 4300 u.
398 4264 414 4301 n
453 4281 460 4298 ·
522 4285 529 4302 .
