<?xml version="1.0" encoding="UTF-8"?>
<!DOCTYPE html PUBLIC "-//W3C//DTD XHTML 1.0 Transitional//EN"
    "http://www.w3.org/TR/xhtml1/DTD/xhtml1-transitional.dtd">
<html xmlns="http://www.w3.org/1999/xhtml" xml:lang="en" lang="en">
 <head>
  <title>
</title>
<meta http-equiv="Content-Type" content="text/html;charset=utf-8" />
  <meta name='ocr-system' content='tesseract 3.04.00' />
  <meta name='ocr-capabilities' content='ocr_page ocr_carea ocr_par ocr_line ocrx_word'/>
</head>
<body>
  <div class='ocr_page' id='page_1' title='image "./institutionespa01fessgoog_0089.png"; bbox 0 0 2886 4660; ppageno 0'>
   <div class='ocr_carea' id='block_1_1' title="bbox 201 297 243 358">
    <p class='ocr_par' dir='ltr' id='par_1_1' title="bbox 201 297 243 358">
     <span class='ocr_line' id='line_1_1' title="bbox 201 297 243 358; baseline 0 0"><span class='ocrx_word' id='word_1_1' title='bbox 201 297 243 358; x_wconf 74' lang='lat'><strong>52</strong></span> 
     </span>
    </p>
   </div>
   <div class='ocr_carea' id='block_1_2' title="bbox 204 447 1428 546">
    <p class='ocr_par' dir='ltr' id='par_1_2' title="bbox 204 447 1428 546">
     <span class='ocr_line' id='line_1_2' title="bbox 204 447 1428 546; baseline -0.003 -21"><span class='ocrx_word' id='word_1_2' title='bbox 204 457 336 546; x_wconf 81' lang='lat' dir='ltr'><strong>quando</strong></span> <span class='ocrx_word' id='word_1_3' title='bbox 366 463 490 525; x_wconf 88' lang='lat' dir='ltr'><strong>certum</strong></span> <span class='ocrx_word' id='word_1_4' title='bbox 521 462 596 537; x_wconf 89' lang='lat' dir='ltr'><strong>est,</strong></span> <span class='ocrx_word' id='word_1_5' title='bbox 630 457 774 523; x_wconf 71' lang='lat' dir='ltr'><strong>‹lia-&#39;inum</strong></span> <span class='ocrx_word' id='word_1_6' title='bbox 803 456 849 522; x_wconf 87' lang='lat' dir='ltr'><strong>illi</strong></span> <span class='ocrx_word' id='word_1_7' title='bbox 870 455 1030 542; x_wconf 77' lang='lat' dir='ltr'><strong>Spiritum</strong></span> <span class='ocrx_word' id='word_1_8' title='bbox 1053 453 1201 534; x_wconf 68' lang='lat' dir='ltr'><strong>adesoe,</strong></span> <span class='ocrx_word' id='word_1_9' title='bbox 1234 447 1311 524; x_wconf 79' lang='lat' dir='ltr'><strong>duru&#39;</strong></span> <span class='ocrx_word' id='word_1_10' title='bbox 1427 497 1428 540; x_wconf 76' lang='lat'>3</span> 
     </span>
    </p>
   </div>
   <div class='ocr_carea' id='block_1_3' title="bbox 203 539 1311 1048">
    <p class='ocr_par' dir='ltr' id='par_1_3' title="bbox 203 539 1311 1048">
     <span class='ocr_line' id='line_1_3' title="bbox 203 539 1311 627; baseline -0.002 -17"><span class='ocrx_word' id='word_1_11' title='bbox 203 543 336 610; x_wconf 88' lang='lat' dir='ltr'><strong>traditio</strong></span> <span class='ocrx_word' id='word_1_12' title='bbox 358 562 400 609; x_wconf 85' lang='lat' dir='ltr'><strong>ex</strong></span> <span class='ocrx_word' id='word_1_13' title='bbox 423 540 490 610; x_wconf 86' lang='lat' dir='ltr'><strong>SS.</strong></span> <span class='ocrx_word' id='word_1_14' title='bbox 514 543 644 608; x_wconf 86' lang='lat' dir='ltr'><strong>Patrum</strong></span> <span class='ocrx_word' id='word_1_15' title='bbox 664 542 800 627; x_wconf 84' lang='lat' dir='ltr'><strong>scriptis</strong></span> <span class='ocrx_word' id='word_1_16' title='bbox 820 540 965 608; x_wconf 81' lang='lat' dir='ltr'><strong>fideliter</strong></span> <span class='ocrx_word' id='word_1_17' title='bbox 987 547 1022 606; x_wconf 89' lang='lat' dir='ltr'><strong>et</strong></span> <span class='ocrx_word' id='word_1_18' title='bbox 1042 539 1160 606; x_wconf 85' lang='lat' dir='ltr'><strong>serlulo</strong></span> <span class='ocrx_word' id='word_1_19' title='bbox 1182 549 1218 606; x_wconf 87' lang='lat' dir='ltr'><strong>et</strong></span> <span class='ocrx_word' id='word_1_20' title='bbox 1237 542 1311 608; x_wconf 90' lang='lat' dir='ltr'><strong>sin-</strong></span> 
     </span>
     <span class='ocr_line' id='line_1_4' title="bbox 205 622 1310 712; baseline -0.002 -18"><span class='ocrx_word' id='word_1_21' title='bbox 205 647 282 694; x_wconf 90' lang='lat' dir='ltr'><strong>ccre</strong></span> <span class='ocrx_word' id='word_1_22' title='bbox 304 627 492 712; x_wconf 70' lang='lat' dir='ltr'><strong>colligitur,</strong></span> <span class='ocrx_word' id='word_1_23' title='bbox 525 634 559 692; x_wconf 86' lang='lat' dir='ltr'><strong>ct</strong></span> <span class='ocrx_word' id='word_1_24' title='bbox 581 625 729 692; x_wconf 87' lang='lat' dir='ltr'><strong>doctrina</strong></span> <span class='ocrx_word' id='word_1_25' title='bbox 750 644 772 690; x_wconf 86' lang='lat' dir='ltr'><strong>a</strong></span> <span class='ocrx_word' id='word_1_26' title='bbox 792 626 971 709; x_wconf 76' lang='lat' dir='ltr'><strong>majoribus</strong></span> <span class='ocrx_word' id='word_1_27' title='bbox 992 622 1115 690; x_wconf 88' lang='lat' dir='ltr'><strong>tradita</strong></span> <span class='ocrx_word' id='word_1_28' title='bbox 1137 624 1310 710; x_wconf 73' lang='lat' dir='ltr'><strong>delinitur,</strong></span> 
     </span>
     <span class='ocr_line' id='line_1_5' title="bbox 204 708 1310 796; baseline 0 -20"><span class='ocrx_word' id='word_1_29' title='bbox 204 720 270 776; x_wconf 93' lang='lat' dir='ltr'><strong>tum</strong></span> <span class='ocrx_word' id='word_1_30' title='bbox 293 711 381 796; x_wconf 82' lang='lat' dir='ltr'><strong>quod</strong></span> <span class='ocrx_word' id='word_1_31' title='bbox 402 710 556 778; x_wconf 83' lang='lat' dir='ltr'><strong>Christus</strong></span> <span class='ocrx_word' id='word_1_32' title='bbox 579 709 767 776; x_wconf 78' lang='lat' dir='ltr'><strong>Ecclesiam</strong></span> <span class='ocrx_word' id='word_1_33' title='bbox 801 727 895 775; x_wconf 89' lang='lat' dir='ltr'><strong>suam</strong></span> <span class='ocrx_word' id='word_1_34' title='bbox 931 727 953 774; x_wconf 80' lang='grc' dir='ltr'><strong>ι</strong></span> <span class='ocrx_word' id='word_1_35' title='bbox 986 708 1128 774; x_wconf 88' lang='lat' dir='ltr'><strong>salutari</strong></span> <span class='ocrx_word' id='word_1_36' title='bbox 1163 711 1310 776; x_wconf 89' lang='lat' dir='ltr'><strong>veritate</strong></span> 
     </span>
     <span class='ocr_line' id='line_1_6' title="bbox 205 793 1307 882; baseline -0.004 -20"><span class='ocrx_word' id='word_1_37' title='bbox 205 797 403 880; x_wconf 77' lang='lat' dir='ltr'><strong>dogmatum.</strong></span> <span class='ocrx_word' id='word_1_38' title='bbox 421 813 584 882; x_wconf 83' lang='lat' dir='ltr'><strong>nonquam</strong></span> <span class='ocrx_word' id='word_1_39' title='bbox 606 811 815 860; x_wconf 84' lang='lat' dir='ltr'><strong>recessuram</strong></span> <span class='ocrx_word' id='word_1_40' title='bbox 838 793 1004 878; x_wconf 83' lang='lat' dir='ltr'><strong>pollicitus</strong></span> <span class='ocrx_word' id='word_1_41' title='bbox 1024 799 1096 872; x_wconf 82' lang='lat' dir='ltr'><strong>est,</strong></span> <span class='ocrx_word' id='word_1_42' title='bbox 1131 798 1199 858; x_wconf 90' lang='lat' dir='ltr'><strong>tum</strong></span> <span class='ocrx_word' id='word_1_43' title='bbox 1220 794 1307 879; x_wconf 84' lang='lat' dir='ltr'><strong>quorl</strong></span> 
     </span>
     <span class='ocr_line' id='line_1_7' title="bbox 205 874 1308 968; baseline 0 -24"><span class='ocrx_word' id='word_1_44' title='bbox 205 879 395 968; x_wconf 83' lang='lat' dir='ltr'><strong>dogmatum</strong></span> <span class='ocrx_word' id='word_1_45' title='bbox 419 899 533 946; x_wconf 78' lang='lat' dir='ltr'><strong>ueram</strong></span> <span class='ocrx_word' id='word_1_46' title='bbox 547 890 582 944; x_wconf 89' lang='lat' dir='ltr'><strong>et</strong></span> <span class='ocrx_word' id='word_1_47' title='bbox 603 887 727 944; x_wconf 89' lang='lat' dir='ltr'><strong>certam</strong></span> <span class='ocrx_word' id='word_1_48' title='bbox 750 878 971 944; x_wconf 78' lang='lat' dir='ltr'><strong>definitionem</strong></span> <span class='ocrx_word' id='word_1_49' title='bbox 991 874 1208 944; x_wconf 84' lang='lat' dir='ltr'><strong>hauriendum</strong></span> <span class='ocrx_word' id='word_1_50' title='bbox 1228 896 1308 944; x_wconf 91' lang='lat' dir='ltr'><strong>csse</strong></span> 
     </span>
     <span class='ocr_line' id='line_1_8' title="bbox 205 957 1310 1048; baseline -0.004 -18"><span class='ocrx_word' id='word_1_51' title='bbox 205 970 338 1030; x_wconf 89' lang='lat' dir='ltr'><strong>constat</strong></span> <span class='ocrx_word' id='word_1_52' title='bbox 359 981 403 1029; x_wconf 81' lang='lat' dir='ltr'><strong>ex</strong></span> <span class='ocrx_word' id='word_1_53' title='bbox 424 963 629 1040; x_wconf 81' lang='lat' dir='ltr'><strong>Traditione,</strong></span> <span class='ocrx_word' id='word_1_54' title='bbox 651 981 738 1043; x_wconf 80' lang='lat' dir='ltr'><strong>uuae</strong></span> <span class='ocrx_word' id='word_1_55' title='bbox 760 964 791 1030; x_wconf 93' lang='lat' dir='ltr'><strong>in</strong></span> <span class='ocrx_word' id='word_1_56' title='bbox 815 961 906 1028; x_wconf 87' lang='lat' dir='ltr'><strong>libris</strong></span> <span class='ocrx_word' id='word_1_57' title='bbox 929 958 997 1028; x_wconf 83' lang='lat' dir='ltr'><strong>SS.</strong></span> <span class='ocrx_word' id='word_1_58' title='bbox 1012 960 1147 1026; x_wconf 76' lang='lat' dir='ltr'><strong>Petrum</strong></span> <span class='ocrx_word' id='word_1_59' title='bbox 1169 957 1310 1048; x_wconf 77' lang='lat' dir='ltr'><strong>consig-</strong></span> 
     </span>
    </p>
   </div>
   <div class='ocr_carea' id='block_1_4' title="bbox 205 1042 1430 1132">
    <p class='ocr_par' dir='ltr' id='par_1_4' title="bbox 205 1042 1430 1132">
     <span class='ocr_line' id='line_1_9' title="bbox 205 1042 1430 1132; baseline -0.001 -18"><span class='ocrx_word' id='word_1_60' title='bbox 205 1055 284 1114; x_wconf 89' lang='lat' dir='ltr'><strong>nata</strong></span> <span class='ocrx_word' id='word_1_61' title='bbox 305 1054 376 1124; x_wconf 86' lang='lat' dir='ltr'><strong>est,</strong></span> <span class='ocrx_word' id='word_1_62' title='bbox 398 1066 481 1132; x_wconf 80' lang='lat' dir='ltr'><strong>quos</strong></span> <span class='ocrx_word' id='word_1_63' title='bbox 503 1047 579 1114; x_wconf 86' lang='lat' dir='ltr'><strong>irleo</strong></span> <span class='ocrx_word' id='word_1_64' title='bbox 601 1047 643 1112; x_wconf 86' lang='lat' dir='ltr'><strong>alr</strong></span> <span class='ocrx_word' id='word_1_65' title='bbox 666 1046 822 1112; x_wconf 74' lang='lat' dir='ltr'><strong>Ecclesia</strong></span> <span class='ocrx_word' id='word_1_66' title='bbox 842 1052 935 1114; x_wconf 89' lang='lat' dir='ltr'><strong>rectc</strong></span> <span class='ocrx_word' id='word_1_67' title='bbox 956 1051 991 1111; x_wconf 90' lang='lat' dir='ltr'><strong>et</strong></span> <span class='ocrx_word' id='word_1_68' title='bbox 1011 1045 1138 1130; x_wconf 84' lang='lat' dir='ltr'><strong>absque</strong></span> <span class='ocrx_word' id='word_1_69' title='bbox 1165 1045 1231 1111; x_wconf 91' lang='lat' dir='ltr'><strong>ullo</strong></span> <span class='ocrx_word' id='word_1_70' title='bbox 1252 1065 1309 1113; x_wconf 84' lang='lat' dir='ltr'><strong>er·</strong></span> <span class='ocrx_word' id='word_1_71' title='bbox 1429 1042 1430 1060; x_wconf 60' lang='lat'>¹</span> 
     </span>
    </p>
   </div>
   <div class='ocr_carea' id='block_1_5' title="bbox 203 1131 1308 1326">
    <p class='ocr_par' dir='ltr' id='par_1_5' title="bbox 203 1131 1308 1326">
     <span class='ocr_line' id='line_1_10' title="bbox 203 1131 846 1218; baseline -0.002 -21"><span class='ocrx_word' id='word_1_72' title='bbox 203 1149 278 1197; x_wconf 87' lang='lat' dir='ltr'><strong>rore</strong></span> <span class='ocrx_word' id='word_1_73' title='bbox 300 1132 446 1218; x_wconf 77' lang='lat' dir='ltr'><strong>intelligi</strong></span> <span class='ocrx_word' id='word_1_74' title='bbox 468 1131 598 1197; x_wconf 91' lang='lat' dir='ltr'><strong>omnino</strong></span> <span class='ocrx_word' id='word_1_75' title='bbox 620 1145 763 1198; x_wconf 82' lang='lat' dir='ltr'><strong>necesse</strong></span> <span class='ocrx_word' id='word_1_76' title='bbox 784 1136 846 1196; x_wconf 87' lang='lat' dir='ltr'><strong>est.</strong></span> 
     </span>
     <span class='ocr_line' id='line_1_11' title="bbox 293 1241 1308 1326; baseline 0.002 -19"><span class='ocrx_word' id='word_1_77' title='bbox 293 1243 337 1308; x_wconf 88' lang='lat' dir='ltr'><strong>tl.</strong></span> <span class='ocrx_word' id='word_1_78' title='bbox 362 1242 487 1308; x_wconf 78' lang='lat' dir='ltr'><strong>It&#39;urlenr</strong></span> <span class='ocrx_word' id='word_1_79' title='bbox 510 1251 599 1306; x_wconf 85' lang='lat' dir='ltr'><strong>certo</strong></span> <span class='ocrx_word' id='word_1_80' title='bbox 623 1253 652 1305; x_wconf 87' lang='lat' dir='ltr'><strong>et</strong></span> <span class='ocrx_word' id='word_1_81' title='bbox 679 1243 777 1325; x_wconf 68' lang='lat' dir='ltr'><strong>prierro</strong></span> <span class='ocrx_word' id='word_1_82' title='bbox 807 1242 1007 1305; x_wconf 78' lang='lat' dir='ltr'><strong>nrrctorr&#39;tntr</strong></span> <span class='ocrx_word' id='word_1_83' title='bbox 1029 1241 1153 1326; x_wconf 77' lang='lat' dir='ltr'><strong>pollent</strong></span> <span class='ocrx_word' id='word_1_84' title='bbox 1176 1263 1214 1304; x_wconf 80' lang='lat' dir='ltr'><strong>err</strong></span> <span class='ocrx_word' id='word_1_85' title='bbox 1244 1241 1308 1310; x_wconf 80' lang='lat'><strong>88.</strong></span> 
     </span>
    </p>
   </div>
   <div class='ocr_carea' id='block_1_6' title="bbox 204 1324 1431 1411">
    <p class='ocr_par' dir='ltr' id='par_1_6' title="bbox 204 1324 1431 1411">
     <span class='ocr_line' id='line_1_12' title="bbox 204 1324 1431 1411; baseline 0.002 -24"><span class='ocrx_word' id='word_1_86' title='bbox 204 1333 337 1394; x_wconf 81' lang='lat' dir='ltr'><strong>Putrunr</strong></span> <span class='ocrx_word' id='word_1_87' title='bbox 356 1329 499 1409; x_wconf 79' lang='lat' dir='ltr'><strong>reru&#39;pta,</strong></span> <span class='ocrx_word' id='word_1_88' title='bbox 527 1349 609 1411; x_wconf 77' lang='lat' dir='ltr'><strong>queue</strong></span> <span class='ocrx_word' id='word_1_89' title='bbox 634 1326 674 1390; x_wconf 81' lang='lat' dir='ltr'><strong>nb</strong></span> <span class='ocrx_word' id='word_1_90' title='bbox 700 1327 848 1389; x_wconf 73' lang='lat' dir='ltr'><strong>urriourro</strong></span> <span class='ocrx_word' id='word_1_91' title='bbox 877 1324 1030 1389; x_wconf 72' lang='lat' dir='ltr'><strong>Ecclesia</strong></span> <span class='ocrx_word' id='word_1_92' title='bbox 1061 1325 1246 1388; x_wconf 84' lang='lat' dir='ltr'><strong>rronu&#39;nutr&#39;rn</strong></span> <span class='ocrx_word' id='word_1_93' title='bbox 1276 1337 1307 1389; x_wconf 83' lang='lat' dir='ltr'><strong>rt</strong></span> <span class='ocrx_word' id='word_1_94' title='bbox 1430 1361 1431 1390; x_wconf 68' lang='grc' dir='ltr'><strong>ι</strong></span> 
     </span>
    </p>
   </div>
   <div class='ocr_carea' id='block_1_7' title="bbox 204 1407 1308 1583">
    <p class='ocr_par' dir='ltr' id='par_1_7' title="bbox 204 1407 1308 1583">
     <span class='ocr_line' id='line_1_13' title="bbox 204 1407 1308 1583; baseline -0.006 -105"><span class='ocrx_word' id='word_1_95' title='bbox 204 1433 246 1478; x_wconf 76' lang='lat' dir='ltr'><strong>en</strong></span> <span class='ocrx_word' id='word_1_96' title='bbox 270 1431 353 1473; x_wconf 79' lang='lat' dir='ltr'><strong>recor</strong></span> <span class='ocrx_word' id='word_1_97' title='bbox 375 1422 524 1583; x_wconf 47' lang='lat' dir='ltr'><strong>lanzonum</strong></span> <span class='ocrx_word' id='word_1_98' title='bbox 543 1410 626 1488; x_wconf 78' lang='lat' dir='ltr'><strong>fidei</strong></span> <span class='ocrx_word' id='word_1_99' title='bbox 647 1410 760 1494; x_wconf 81' lang='lat' dir='ltr'><strong>regrrlu</strong></span> <span class='ocrx_word' id='word_1_100' title='bbox 783 1412 897 1494; x_wconf 82' lang='lat' dir='ltr'><strong>agnitu</strong></span> <span class='ocrx_word' id='word_1_101' title='bbox 921 1420 952 1473; x_wconf 81' lang='lat' dir='ltr'><strong>rt</strong></span> <span class='ocrx_word' id='word_1_102' title='bbox 971 1407 1154 1492; x_wconf 78' lang='lat' dir='ltr'><strong>approbato</strong></span> <span class='ocrx_word' id='word_1_103' title='bbox 1167 1409 1308 1492; x_wconf 78' lang='lat' dir='ltr'><strong>filerunt</strong></span> 
     </span>
    </p>
   </div>
   <div class='ocr_carea' id='block_1_8' title="bbox 204 1493 430 1589">
    <p class='ocr_par' dir='ltr' id='par_1_8' title="bbox 204 1493 430 1589">
     <span class='ocr_line' id='line_1_14' title="bbox 204 1493 430 1589; baseline -0.004 -29"><span class='ocrx_word' id='word_1_104' title='bbox 204 1493 430 1589; x_wconf 79' lang='lat' dir='ltr'><strong>(.18n.8</strong></span> 
     </span>
    </p>
   </div>
   <div class='ocr_carea' id='block_1_9' title="bbox 247 1605 1432 1700">
    <p class='ocr_par' dir='ltr' id='par_1_9' title="bbox 247 1605 1432 1700">
     <span class='ocr_line' id='line_1_15' title="bbox 247 1605 1432 1700; baseline -0.004 -26"><span class='ocrx_word' id='word_1_105' title='bbox 247 1660 252 1668; x_wconf 84' lang='lat'><strong>.</strong></span> <span class='ocrx_word' id='word_1_106' title='bbox 289 1608 352 1675; x_wconf 88' lang='lat' dir='ltr'><strong>tlt.</strong></span> <span class='ocrx_word' id='word_1_107' title='bbox 377 1607 585 1692; x_wconf 76' lang='lat' dir='ltr'><strong>Singulorum</strong></span> <span class='ocrx_word' id='word_1_108' title='bbox 611 1605 673 1670; x_wconf 79' lang='lat' dir='ltr'><strong>SS.</strong></span> <span class='ocrx_word' id='word_1_109' title='bbox 700 1605 830 1669; x_wconf 83' lang='lat' dir='ltr'><strong>Polrnnr</strong></span> <span class='ocrx_word' id='word_1_110' title='bbox 851 1605 975 1690; x_wconf 72' lang='lat' dir='ltr'><strong>seripho</strong></span> <span class='ocrx_word' id='word_1_111' title='bbox 1001 1615 1030 1669; x_wconf 86' lang='lat' dir='ltr'><strong>el</strong></span> <span class='ocrx_word' id='word_1_112' title='bbox 1053 1607 1153 1690; x_wconf 79' lang='lat' dir='ltr'><strong>effatu</strong></span> <span class='ocrx_word' id='word_1_113' title='bbox 1174 1625 1308 1688; x_wconf 80' lang='lat' dir='ltr'><strong>gerreru·</strong></span> <span class='ocrx_word' id='word_1_114' title='bbox 1431 1678 1432 1700; x_wconf 14' lang='grc' dir='ltr'><strong>χ</strong></span> 
     </span>
    </p>
   </div>
   <div class='ocr_carea' id='block_1_10' title="bbox 201 1691 1309 1946">
    <p class='ocr_par' dir='ltr' id='par_1_10' title="bbox 201 1691 1309 1946">
     <span class='ocr_line' id='line_1_16' title="bbox 203 1691 1306 1776; baseline -0.006 -17"><span class='ocrx_word' id='word_1_115' title='bbox 203 1698 259 1760; x_wconf 79' lang='lat' dir='ltr'><strong>tion</strong></span> <span class='ocrx_word' id='word_1_116' title='bbox 282 1714 421 1776; x_wconf 84' lang='lat' dir='ltr'><strong>magna,</strong></span> <span class='ocrx_word' id='word_1_117' title='bbox 453 1693 639 1776; x_wconf 79' lang='lat' dir='ltr'><strong>qrrurulnqne</strong></span> <span class='ocrx_word' id='word_1_118' title='bbox 661 1691 758 1753; x_wconf 86' lang='lat' dir='ltr'><strong>etr’ura</strong></span> <span class='ocrx_word' id='word_1_119' title='bbox 778 1711 913 1765; x_wconf 78' lang='lat' dir='ltr'><strong>rrrmnrn,</strong></span> <span class='ocrx_word' id='word_1_120' title='bbox 941 1711 1003 1752; x_wconf 78' lang='lat' dir='ltr'><strong>reon</strong></span> <span class='ocrx_word' id='word_1_121' title='bbox 1033 1700 1137 1752; x_wconf 83' lang='lat' dir='ltr'><strong>tunrrn</strong></span> <span class='ocrx_word' id='word_1_122' title='bbox 1165 1699 1254 1752; x_wconf 87' lang='lat' dir='ltr'><strong>certo</strong></span> <span class='ocrx_word' id='word_1_123' title='bbox 1276 1701 1306 1752; x_wconf 85' lang='lat' dir='ltr'><strong>et</strong></span> 
     </span>
     <span class='ocr_line' id='line_1_17' title="bbox 202 1773 1307 1858; baseline -0.006 -15"><span class='ocrx_word' id='word_1_124' title='bbox 202 1780 368 1850; x_wconf 86' lang='lat' dir='ltr'><strong>ubrolntu,</strong></span> <span class='ocrx_word' id='word_1_125' title='bbox 403 1777 438 1838; x_wconf 84' lang='lat' dir='ltr'><strong>r‘n</strong></span> <span class='ocrx_word' id='word_1_126' title='bbox 468 1776 558 1838; x_wconf 71' lang='lat' dir='ltr'><strong>rubore</strong></span> <span class='ocrx_word' id='word_1_127' title='bbox 577 1773 665 1852; x_wconf 74' lang='lat' dir='ltr'><strong>fidei</strong></span> <span class='ocrx_word' id='word_1_128' title='bbox 693 1785 722 1836; x_wconf 81' lang='lat' dir='ltr'><strong>rt</strong></span> <span class='ocrx_word' id='word_1_129' title='bbox 751 1795 894 1850; x_wconf 87' lang='lat' dir='ltr'><strong>rnorrun,</strong></span> <span class='ocrx_word' id='word_1_130' title='bbox 925 1776 1066 1858; x_wconf 81' lang='lat' dir='ltr'><strong>gnrrrlent</strong></span> <span class='ocrx_word' id='word_1_131' title='bbox 1096 1775 1307 1847; x_wconf 80' lang='lat' dir='ltr'><strong>orectorr&#39;tntr,</strong></span> 
     </span>
     <span class='ocr_line' id='line_1_18' title="bbox 201 1857 1309 1946; baseline -0.005 -20"><span class='ocrx_word' id='word_1_132' title='bbox 201 1865 358 1946; x_wconf 81' lang='lat' dir='ltr'><strong><em>adeoque,</em></strong></span> <span class='ocrx_word' id='word_1_133' title='bbox 381 1862 441 1923; x_wconf 80' lang='lat' dir='ltr'><strong>elrr‘</strong></span> <span class='ocrx_word' id='word_1_134' title='bbox 468 1861 666 1942; x_wconf 72' lang='lat' dir='ltr'><strong>praesidium</strong></span> <span class='ocrx_word' id='word_1_135' title='bbox 697 1859 832 1921; x_wconf 86' lang='lat' dir='ltr'><strong>ccrr&#39;tnlr&#39;</strong></span> <span class='ocrx_word' id='word_1_136' title='bbox 854 1857 1024 1920; x_wconf 73' lang='lat' dir='ltr'><strong>exlr&#39;brnnt</strong></span> <span class='ocrx_word' id='word_1_137' title='bbox 1046 1857 1170 1940; x_wconf 78' lang='lat' dir='ltr'><strong>rirrgulr&#39;</strong></span> <span class='ocrx_word' id='word_1_138' title='bbox 1192 1857 1309 1920; x_wconf 82' lang='lat' dir='ltr'><strong>Sancti</strong></span> 
     </span>
    </p>
   </div>
   <div class='ocr_carea' id='block_1_11' title="bbox 201 1943 1433 2026">
    <p class='ocr_par' dir='ltr' id='par_1_11' title="bbox 201 1943 1433 2026">
     <span class='ocr_line' id='line_1_19' title="bbox 201 1943 1433 2026; baseline -0.007 -16"><span class='ocrx_word' id='word_1_139' title='bbox 201 1947 334 2016; x_wconf 78' lang='lat' dir='ltr'><strong>Puto-er,</strong></span> <span class='ocrx_word' id='word_1_140' title='bbox 348 1943 482 2020; x_wconf 75' lang='lat' dir='ltr'><strong>Jirnranr</strong></span> <span class='ocrx_word' id='word_1_141' title='bbox 505 1948 609 2006; x_wconf 75' lang='lat' dir='ltr'><strong>tumen</strong></span> <span class='ocrx_word' id='word_1_142' title='bbox 640 1944 773 2023; x_wconf 67' lang='lat' dir='ltr'><strong>q&#39;rrrrlrrn</strong></span> <span class='ocrx_word' id='word_1_143' title='bbox 800 1951 1019 2024; x_wconf 73' lang='lat' dir='ltr'><em>argumentum</em></span> <span class='ocrx_word' id='word_1_144' title='bbox 1046 1951 1218 2024; x_wconf 67' lang='lat' dir='ltr'><strong>prruertnre</strong></span> <span class='ocrx_word' id='word_1_145' title='bbox 1244 1963 1308 2003; x_wconf 74' lang='lat' dir='ltr'><strong>oron</strong></span> <span class='ocrx_word' id='word_1_146' title='bbox 1432 2005 1433 2026; x_wconf 15' lang='grc' dir='ltr'>χ</span> 
     </span>
    </p>
   </div>
   <div class='ocr_carea' id='block_1_12' title="bbox 195 2027 1310 3263">
    <p class='ocr_par' dir='ltr' id='par_1_12' title="bbox 195 2027 1310 3263">
     <span class='ocr_line' id='line_1_20' title="bbox 197 2027 1310 2112; baseline -0.004 -21"><span class='ocrx_word' id='word_1_147' title='bbox 197 2038 349 2112; x_wconf 79' lang='lat' dir='ltr'><strong>possunt,-</strong></span> <span class='ocrx_word' id='word_1_148' title='bbox 372 2049 431 2110; x_wconf 79' lang='lat' dir='ltr'><strong>quo</strong></span> <span class='ocrx_word' id='word_1_149' title='bbox 452 2027 549 2110; x_wconf 83' lang='lat' dir='ltr'><strong>pluro</strong></span> <span class='ocrx_word' id='word_1_150' title='bbox 580 2035 685 2088; x_wconf 79' lang='lat' dir='ltr'><strong>nortenr</strong></span> <span class='ocrx_word' id='word_1_151' title='bbox 713 2034 866 2086; x_wconf 77' lang='lat' dir='ltr'><strong>momentu</strong></span> <span class='ocrx_word' id='word_1_152' title='bbox 897 2034 1113 2104; x_wconf 74' lang='lat' dir='ltr'><strong>corrourrnnt,</strong></span> <span class='ocrx_word' id='word_1_153' title='bbox 1148 2047 1230 2110; x_wconf 80' lang='lat' dir='ltr'><strong>quoe</strong></span> <span class='ocrx_word' id='word_1_154' title='bbox 1263 2027 1310 2086; x_wconf 85' lang='lat' dir='ltr'><strong>nd</strong></span> 
     </span>
     <span class='ocr_line' id='line_1_21' title="bbox 200 2091 1307 2194; baseline -0.002 -19"><span class='ocrx_word' id='word_1_155' title='bbox 200 2111 377 2194; x_wconf 81' lang='lat' dir='ltr'><strong>ungendum</strong></span> <span class='ocrx_word' id='word_1_156' title='bbox 398 2109 595 2194; x_wconf 80' lang='lat' dir='ltr'><strong>sirrgulorunr</strong></span> <span class='ocrx_word' id='word_1_157' title='bbox 617 2108 748 2171; x_wconf 82' lang='lat' dir='ltr'><strong>Putrurn</strong></span> <span class='ocrx_word' id='word_1_158' title='bbox 770 2110 998 2172; x_wconf 81' lang='lat' dir='ltr'><strong>urrclorr&#39;tutrnr</strong></span> <span class='ocrx_word' id='word_1_159' title='bbox 1012 2109 1147 2191; x_wconf 82' lang='lat' dir='ltr'><strong>fucirmt</strong></span> <span class='ocrx_word' id='word_1_160' title='bbox 1171 2091 1307 2190; x_wconf 63' lang='grc'><strong>(5.18),</strong></span> 
     </span>
     <span class='ocr_line' id='line_1_22' title="bbox 200 2189 1306 2274; baseline 0 -16"><span class='ocrx_word' id='word_1_161' title='bbox 200 2203 290 2258; x_wconf 86' lang='lat' dir='ltr'><strong>tanta</strong></span> <span class='ocrx_word' id='word_1_162' title='bbox 313 2197 414 2272; x_wconf 73' lang='lat' dir='ltr'><strong>maior</strong></span> <span class='ocrx_word' id='word_1_163' title='bbox 436 2193 533 2255; x_wconf 80' lang='lat' dir='ltr'><strong>etium</strong></span> <span class='ocrx_word' id='word_1_164' title='bbox 555 2193 619 2254; x_wconf 80' lang='lat' dir='ltr'><strong>crit</strong></span> <span class='ocrx_word' id='word_1_165' title='bbox 638 2192 835 2274; x_wconf 77' lang='lat' dir='ltr'><strong>cingulorum</strong></span> <span class='ocrx_word' id='word_1_166' title='bbox 849 2189 978 2254; x_wconf 86' lang='lat' dir='ltr'><strong>Patrurn</strong></span> <span class='ocrx_word' id='word_1_167' title='bbox 995 2194 1185 2260; x_wconf 75' lang='lat' dir='ltr'><strong>auctoritas.</strong></span> <span class='ocrx_word' id='word_1_168' title='bbox 1208 2191 1306 2258; x_wconf 83' lang='lat' dir='ltr'>Unde</span> 
     </span>
     <span class='ocr_line' id='line_1_23' title="bbox 198 2273 1306 2372; baseline 0.003 -32"><span class='ocrx_word' id='word_1_169' title='bbox 198 2294 296 2362; x_wconf 80' lang='lat' dir='ltr'><strong>porro</strong></span> <span class='ocrx_word' id='word_1_170' title='bbox 318 2274 487 2360; x_wconf 83' lang='lat' dir='ltr'><strong>sequitur,</strong></span> <span class='ocrx_word' id='word_1_171' title='bbox 509 2291 667 2372; x_wconf 79' lang='lat' dir='ltr'><strong>magnam</strong></span> <span class='ocrx_word' id='word_1_172' title='bbox 688 2274 787 2340; x_wconf 87' lang='lat' dir='ltr'><strong>etiam</strong></span> <span class='ocrx_word' id='word_1_173' title='bbox 809 2273 956 2362; x_wconf 82' lang='lat' dir='ltr'><strong>siugulis</strong></span> <span class='ocrx_word' id='word_1_174' title='bbox 978 2274 1201 2343; x_wconf 80' lang='lat' dir='ltr'><strong>exhibendam</strong></span> <span class='ocrx_word' id='word_1_175' title='bbox 1223 2295 1306 2344; x_wconf 88' lang='lat' dir='ltr'><strong>csse</strong></span> 
     </span>
     <span class='ocr_line' id='line_1_24' title="bbox 198 2357 1261 2450; baseline -0.002 -23"><span class='ocrx_word' id='word_1_176' title='bbox 198 2361 384 2450; x_wconf 78' lang='lat' dir='ltr'><strong>generatim</strong></span> <span class='ocrx_word' id='word_1_177' title='bbox 408 2366 646 2436; x_wconf 80' lang='lat' dir='ltr'><strong>reverentiam,</strong></span> <span class='ocrx_word' id='word_1_178' title='bbox 680 2377 743 2424; x_wconf 89' lang='lat' dir='ltr'><strong>nec</strong></span> <span class='ocrx_word' id='word_1_179' title='bbox 768 2357 868 2424; x_wconf 80' lang='lat' dir='ltr'><strong>facile</strong></span> <span class='ocrx_word' id='word_1_180' title='bbox 897 2366 955 2425; x_wconf 88' lang='lat' dir='ltr'><strong>out</strong></span> <span class='ocrx_word' id='word_1_181' title='bbox 982 2365 1108 2427; x_wconf 87' lang='lat' dir='ltr'><strong>temere</strong></span> <span class='ocrx_word' id='word_1_182' title='bbox 1130 2361 1261 2428; x_wconf 88' lang='lat' dir='ltr'><strong>licerei</strong></span> 
     </span>
     <span class='ocr_line' id='line_1_25' title="bbox 196 2442 1306 2534; baseline -0.002 -22"><span class='ocrx_word' id='word_1_183' title='bbox 196 2464 309 2512; x_wconf 88' lang='lat' dir='ltr'><strong>sorum</strong></span> <span class='ocrx_word' id='word_1_184' title='bbox 330 2444 560 2510; x_wconf 80' lang='lat' dir='ltr'><strong>auctoritatem</strong></span> <span class='ocrx_word' id='word_1_185' title='bbox 583 2442 758 2525; x_wconf 69' lang='lat' dir='ltr'><strong>deserere,</strong></span> <span class='ocrx_word' id='word_1_186' title='bbox 780 2449 814 2508; x_wconf 90' lang='lat' dir='ltr'><strong>et</strong></span> <span class='ocrx_word' id='word_1_187' title='bbox 830 2461 893 2528; x_wconf 88' lang='lat' dir='ltr'><strong>quo</strong></span> <span class='ocrx_word' id='word_1_188' title='bbox 914 2446 1017 2528; x_wconf 88' lang='lat' dir='ltr'><strong>major</strong></span> <span class='ocrx_word' id='word_1_189' title='bbox 1039 2444 1139 2511; x_wconf 85' lang='lat' dir='ltr'><strong>luerit</strong></span> <span class='ocrx_word' id='word_1_190' title='bbox 1156 2444 1257 2534; x_wconf 83' lang='lat' dir='ltr'><strong>singu</strong></span> <span class='ocrx_word' id='word_1_191' title='bbox 1270 2462 1306 2510; x_wconf 94' lang='lat' dir='ltr'><strong>o·</strong></span> 
     </span>
     <span class='ocr_line' id='line_1_26' title="bbox 197 2527 1308 2616; baseline -0.001 -21"><span class='ocrx_word' id='word_1_192' title='bbox 197 2549 267 2596; x_wconf 88' lang='lat' dir='ltr'><strong>rom</strong></span> <span class='ocrx_word' id='word_1_193' title='bbox 290 2529 493 2607; x_wconf 76' lang='lat' dir='ltr'><strong>auctoritas,</strong></span> <span class='ocrx_word' id='word_1_194' title='bbox 516 2545 556 2594; x_wconf 93' lang='lat' dir='ltr'><strong>co</strong></span> <span class='ocrx_word' id='word_1_195' title='bbox 579 2527 738 2615; x_wconf 73' lang='lat' dir='ltr'><strong>graviora</strong></span> <span class='ocrx_word' id='word_1_196' title='bbox 760 2527 854 2616; x_wconf 80' lang='lat' dir='ltr'><strong>exigi</strong></span> <span class='ocrx_word' id='word_1_197' title='bbox 875 2527 1036 2595; x_wconf 89' lang='lat' dir='ltr'><strong>rationum</strong></span> <span class='ocrx_word' id='word_1_198' title='bbox 1061 2538 1243 2609; x_wconf 87' lang='lat' dir='ltr'><strong>momenta,</strong></span> <span class='ocrx_word' id='word_1_199' title='bbox 1270 2535 1308 2594; x_wconf 83' lang='lat' dir='ltr'><strong>ut</strong></span> 
     </span>
     <span class='ocr_line' id='line_1_27' title="bbox 198 2611 1307 2698; baseline -0.003 -18"><span class='ocrx_word' id='word_1_200' title='bbox 198 2614 241 2679; x_wconf 84' lang='lat' dir='ltr'><strong>alr</strong></span> <span class='ocrx_word' id='word_1_201' title='bbox 263 2633 375 2680; x_wconf 88' lang='lat' dir='ltr'><strong>corum</strong></span> <span class='ocrx_word' id='word_1_202' title='bbox 397 2613 594 2679; x_wconf 87' lang='lat' dir='ltr'><strong>auctoritate</strong></span> <span class='ocrx_word' id='word_1_203' title='bbox 617 2611 815 2678; x_wconf 77' lang='lat' dir='ltr'><strong>resiliamus.</strong></span> <span class='ocrx_word' id='word_1_204' title='bbox 865 2611 937 2679; x_wconf 83' lang='lat' dir='ltr'><strong>Scri</strong></span> <span class='ocrx_word' id='word_1_205' title='bbox 960 2611 1038 2678; x_wconf 87' lang='lat' dir='ltr'><strong>inde</strong></span> <span class='ocrx_word' id='word_1_206' title='bbox 1065 2614 1163 2678; x_wconf 87' lang='lat' dir='ltr'><strong>etiam</strong></span> <span class='ocrx_word' id='word_1_207' title='bbox 1189 2613 1307 2698; x_wconf 85' lang='lat' dir='ltr'><strong>liquet,</strong></span> 
     </span>
     <span class='ocr_line' id='line_1_28' title="bbox 197 2694 1304 2783; baseline -0.002 -21"><span class='ocrx_word' id='word_1_208' title='bbox 197 2699 249 2773; x_wconf 91' lang='lat' dir='ltr'><strong>si,</strong></span> <span class='ocrx_word' id='word_1_209' title='bbox 278 2703 315 2761; x_wconf 87' lang='lat' dir='ltr'><strong>ut</strong></span> <span class='ocrx_word' id='word_1_210' title='bbox 337 2697 530 2780; x_wconf 75' lang='lat' dir='ltr'><strong>plerumque</strong></span> <span class='ocrx_word' id='word_1_211' title='bbox 553 2695 627 2759; x_wconf 82' lang='lat' dir='ltr'><strong>fieri</strong></span> <span class='ocrx_word' id='word_1_212' title='bbox 658 2695 768 2771; x_wconf 88' lang='lat' dir='ltr'><strong>solet,</strong></span> <span class='ocrx_word' id='word_1_213' title='bbox 800 2712 821 2758; x_wconf 88' lang='lat' dir='ltr'><strong>a</strong></span> <span class='ocrx_word' id='word_1_214' title='bbox 844 2694 1042 2783; x_wconf 83' lang='lat' dir='ltr'><strong>dogmaticis</strong></span> <span class='ocrx_word' id='word_1_215' title='bbox 1069 2700 1104 2762; x_wconf 85' lang='lat' dir='ltr'><strong>et</strong></span> <span class='ocrx_word' id='word_1_216' title='bbox 1133 2696 1304 2780; x_wconf 81' lang='lat' dir='ltr'><strong>polemicis</strong></span> 
     </span>
     <span class='ocr_line' id='line_1_29' title="bbox 199 2777 1305 2865; baseline 0.002 -21"><span class='ocrx_word' id='word_1_217' title='bbox 199 2777 382 2865; x_wconf 66' lang='lat' dir='ltr'><strong>&#39;theologis</strong></span> <span class='ocrx_word' id='word_1_218' title='bbox 413 2777 546 2842; x_wconf 91' lang='lat' dir='ltr'><strong>nonnisi</strong></span> <span class='ocrx_word' id='word_1_219' title='bbox 577 2795 662 2844; x_wconf 90' lang='lat' dir='ltr'><strong>unus</strong></span> <span class='ocrx_word' id='word_1_220' title='bbox 695 2778 750 2842; x_wconf 91' lang='lat' dir='ltr'><strong>vel</strong></span> <span class='ocrx_word' id='word_1_221' title='bbox 781 2777 846 2843; x_wconf 87' lang='lat' dir='ltr'><strong>duo</strong></span> <span class='ocrx_word' id='word_1_222' title='bbox 876 2787 934 2845; x_wconf 90' lang='lat' dir='ltr'><strong>aot</strong></span> <span class='ocrx_word' id='word_1_223' title='bbox 963 2781 1007 2847; x_wconf 91' lang='lat' dir='ltr'><strong>ad</strong></span> <span class='ocrx_word' id='word_1_224' title='bbox 1043 2800 1199 2847; x_wconf 89' lang='lat' dir='ltr'><strong>summum</strong></span> <span class='ocrx_word' id='word_1_225' title='bbox 1232 2786 1305 2846; x_wconf 88' lang='lat' dir='ltr'><strong>tres</strong></span> 
     </span>
     <span class='ocr_line' id='line_1_30' title="bbox 196 2858 1302 2951; baseline 0.002 -23"><span class='ocrx_word' id='word_1_226' title='bbox 196 2865 378 2928; x_wconf 82' lang='lat' dir='ltr'><strong>atteruntur</strong></span> <span class='ocrx_word' id='word_1_227' title='bbox 391 2858 663 2940; x_wconf 69' lang='lat' dir='ltr'><strong>Sanctil’otres,</strong></span> <span class='ocrx_word' id='word_1_228' title='bbox 682 2863 738 2928; x_wconf 85' lang='lat' dir='ltr'><strong>vel</strong></span> <span class='ocrx_word' id='word_1_229' title='bbox 762 2861 856 2948; x_wconf 80' lang='lat' dir='ltr'><strong>plura</strong></span> <span class='ocrx_word' id='word_1_230' title='bbox 874 2864 975 2930; x_wconf 83' lang='lat' dir='ltr'><strong>ctiam</strong></span> <span class='ocrx_word' id='word_1_231' title='bbox 997 2865 1149 2951; x_wconf 88' lang='lat' dir='ltr'><strong>ejusdem</strong></span> <span class='ocrx_word' id='word_1_232' title='bbox 1169 2864 1208 2932; x_wconf 86' lang='lat' dir='ltr'><strong>S.</strong></span> <span class='ocrx_word' id='word_1_233' title='bbox 1233 2864 1302 2931; x_wconf 84' lang='lat' dir='ltr'><strong>Pa·</strong></span> 
     </span>
     <span class='ocr_line' id='line_1_31' title="bbox 195 2943 1303 3040; baseline 0.005 -29"><span class='ocrx_word' id='word_1_234' title='bbox 195 2946 257 3011; x_wconf 90' lang='lat' dir='ltr'><strong>tris</strong></span> <span class='ocrx_word' id='word_1_235' title='bbox 287 2943 361 3010; x_wconf 88' lang='lat' dir='ltr'><strong>loca</strong></span> <span class='ocrx_word' id='word_1_236' title='bbox 388 2943 432 3010; x_wconf 85' lang='lat' dir='ltr'><strong>ad</strong></span> <span class='ocrx_word' id='word_1_237' title='bbox 461 2943 740 3012; x_wconf 83' lang='lat' dir='ltr'><strong>confirmationem</strong></span> <span class='ocrx_word' id='word_1_238' title='bbox 769 2964 935 3013; x_wconf 88' lang='lat' dir='ltr'><strong>sacrorum</strong></span> <span class='ocrx_word' id='word_1_239' title='bbox 968 2949 1160 3040; x_wconf 83' lang='lat' dir='ltr'><strong>dogmatum</strong></span> <span class='ocrx_word' id='word_1_240' title='bbox 1189 2955 1225 3015; x_wconf 89' lang='lat' dir='ltr'><strong>et</strong></span> <span class='ocrx_word' id='word_1_241' title='bbox 1246 2967 1303 3016; x_wconf 89' lang='lat' dir='ltr'><strong>ec·</strong></span> 
     </span>
     <span class='ocr_line' id='line_1_32' title="bbox 196 3027 1302 3120; baseline 0.004 -26"><span class='ocrx_word' id='word_1_242' title='bbox 196 3028 458 3094; x_wconf 86' lang='lat' dir='ltr'><strong>elesiusticarum</strong></span> <span class='ocrx_word' id='word_1_243' title='bbox 495 3028 725 3105; x_wconf 78' lang='lat' dir='ltr'><strong>sanctionum,</strong></span> <span class='ocrx_word' id='word_1_244' title='bbox 759 3027 841 3098; x_wconf 86' lang='lat' dir='ltr'><strong>haec</strong></span> <span class='ocrx_word' id='word_1_245' title='bbox 875 3051 934 3117; x_wconf 81' lang='lat' dir='ltr'><strong>per</strong></span> <span class='ocrx_word' id='word_1_246' title='bbox 965 3052 1005 3099; x_wconf 88' lang='lat' dir='ltr'><strong>se</strong></span> <span class='ocrx_word' id='word_1_247' title='bbox 1041 3052 1106 3100; x_wconf 91' lang='lat' dir='ltr'><strong>non</strong></span> <span class='ocrx_word' id='word_1_248' title='bbox 1143 3032 1302 3120; x_wconf 82' lang='lat' dir='ltr'><strong>suppedi-</strong></span> 
     </span>
     <span class='ocr_line' id='line_1_33' title="bbox 197 3111 1304 3262; baseline 0.006 -85"><span class='ocrx_word' id='word_1_249' title='bbox 197 3120 284 3262; x_wconf 72' lang='lat' dir='ltr'><strong>turot</strong></span> <span class='ocrx_word' id='word_1_250' title='bbox 299 3111 534 3212; x_wconf 85' lang='lat' dir='ltr'><strong>solidissimum</strong></span> <span class='ocrx_word' id='word_1_251' title='bbox 564 3121 665 3199; x_wconf 84' lang='lat' dir='ltr'><strong>atquc</strong></span> <span class='ocrx_word' id='word_1_252' title='bbox 693 3113 853 3180; x_wconf 78' lang='lat' dir='ltr'><strong>(livinitus</strong></span> <span class='ocrx_word' id='word_1_253' title='bbox 875 3124 1000 3184; x_wconf 88' lang='lat' dir='ltr'><strong>certum</strong></span> <span class='ocrx_word' id='word_1_254' title='bbox 1022 3117 1175 3185; x_wconf 78' lang='lat' dir='ltr'><strong>veritatis</strong></span> <span class='ocrx_word' id='word_1_255' title='bbox 1197 3137 1304 3206; x_wconf 79' lang='lat' dir='ltr'><strong>argu·</strong></span> 
     </span>
     <span class='ocr_line' id='line_1_34' title="bbox 195 3214 350 3263; baseline -0.006 0"><span class='ocrx_word' id='word_1_256' title='bbox 195 3214 270 3263; x_wconf 85' lang='lat' dir='ltr'><strong>men</strong></span> <span class='ocrx_word' id='word_1_257' title='bbox 287 3215 350 3262; x_wconf 88' lang='lat' dir='ltr'><strong>um.</strong></span> 
     </span>
    </p>
   </div>
   <div class='ocr_carea' id='block_1_13' title="bbox 187 3308 1303 4240">
    <p class='ocr_par' dir='ltr' id='par_1_13' title="bbox 191 3308 1303 3794">
     <span class='ocr_line' id='line_1_35' title="bbox 276 3308 1298 3380; baseline 0.003 -6"><span class='ocrx_word' id='word_1_258' title='bbox 276 3308 338 3375; x_wconf 82' lang='lat' dir='ltr'><strong>lv.</strong></span> <span class='ocrx_word' id='word_1_259' title='bbox 363 3311 552 3374; x_wconf 73' lang='lat' dir='ltr'><strong>Auctoritas</strong></span> <span class='ocrx_word' id='word_1_260' title='bbox 581 3309 641 3374; x_wconf 84' lang='lat' dir='ltr'><strong>SS.</strong></span> <span class='ocrx_word' id='word_1_261' title='bbox 670 3309 800 3373; x_wconf 73' lang='lat' dir='ltr'><strong>Puteum</strong></span> <span class='ocrx_word' id='word_1_262' title='bbox 826 3333 888 3374; x_wconf 88' lang='lat' dir='ltr'><strong>non</strong></span> <span class='ocrx_word' id='word_1_263' title='bbox 918 3315 1106 3379; x_wconf 73' lang='lat' dir='ltr'><strong>extenditur</strong></span> <span class='ocrx_word' id='word_1_264' title='bbox 1131 3315 1177 3380; x_wconf 85' lang='lat' dir='ltr'><strong>ud</strong></span> <span class='ocrx_word' id='word_1_265' title='bbox 1195 3317 1298 3378; x_wconf 79' lang='lat' dir='ltr'><strong>rer&#39;err·</strong></span> 
     </span>
     <span class='ocr_line' id='line_1_36' title="bbox 192 3393 1303 3481; baseline 0.003 -24"><span class='ocrx_word' id='word_1_266' title='bbox 192 3396 257 3458; x_wconf 84' lang='lat' dir='ltr'><strong>tius</strong></span> <span class='ocrx_word' id='word_1_267' title='bbox 281 3393 441 3479; x_wconf 82' lang='lat' dir='ltr'><strong>profonas</strong></span> <span class='ocrx_word' id='word_1_268' title='bbox 467 3403 614 3479; x_wconf 76' lang='lat' dir='ltr'><strong>artesque</strong></span> <span class='ocrx_word' id='word_1_269' title='bbox 641 3393 811 3473; x_wconf 81' lang='lat' dir='ltr'><strong>irrmunar,</strong></span> <span class='ocrx_word' id='word_1_270' title='bbox 839 3417 920 3481; x_wconf 80' lang='lat' dir='ltr'><strong>qrroe</strong></span> <span class='ocrx_word' id='word_1_271' title='bbox 948 3420 1016 3460; x_wconf 82' lang='lat' dir='ltr'><strong>curo</strong></span> <span class='ocrx_word' id='word_1_272' title='bbox 1045 3401 1195 3464; x_wconf 77' lang='lat' dir='ltr'><strong>doctrina</strong></span> <span class='ocrx_word' id='word_1_273' title='bbox 1214 3396 1303 3476; x_wconf 81' lang='lat' dir='ltr'><strong>fidei</strong></span> 
     </span>
     <span class='ocr_line' id='line_1_37' title="bbox 192 3479 1301 3560; baseline 0.005 -20"><span class='ocrx_word' id='word_1_274' title='bbox 192 3488 224 3541; x_wconf 84' lang='lat' dir='ltr'><strong>el</strong></span> <span class='ocrx_word' id='word_1_275' title='bbox 245 3499 364 3542; x_wconf 80' lang='lat' dir='ltr'><strong>morano</strong></span> <span class='ocrx_word' id='word_1_276' title='bbox 386 3479 542 3541; x_wconf 81' lang='lat' dir='ltr'><strong>dior&#39;rritur</strong></span> <span class='ocrx_word' id='word_1_277' title='bbox 562 3479 705 3542; x_wconf 78' lang='lat' dir='ltr'><strong>revetata</strong></span> <span class='ocrx_word' id='word_1_278' title='bbox 727 3500 790 3542; x_wconf 91' lang='lat' dir='ltr'><strong>nou</strong></span> <span class='ocrx_word' id='word_1_279' title='bbox 810 3489 883 3543; x_wconf 84' lang='lat' dir='ltr'><strong>runt</strong></span> <span class='ocrx_word' id='word_1_280' title='bbox 905 3486 1101 3560; x_wconf 69' lang='lat' dir='ltr'><strong>corcirrnclne.</strong></span> <span class='ocrx_word' id='word_1_281' title='bbox 1160 3484 1301 3548; x_wconf 77' lang='lat' dir='ltr'><strong>Tantum</strong></span> 
     </span>
     <span class='ocr_line' id='line_1_38' title="bbox 192 3558 1301 3714; baseline 0.005 -90"><span class='ocrx_word' id='word_1_282' title='bbox 192 3577 276 3659; x_wconf 77' lang='lat' dir='ltr'><strong>ergo</strong></span> <span class='ocrx_word' id='word_1_283' title='bbox 303 3562 335 3626; x_wconf 91' lang='lat' dir='ltr'><strong>in</strong></span> <span class='ocrx_word' id='word_1_284' title='bbox 363 3559 521 3644; x_wconf 76' lang='lat' dir='ltr'><strong>ejusmodi</strong></span> <span class='ocrx_word' id='word_1_285' title='bbox 551 3558 759 3647; x_wconf 83' lang='lat' dir='ltr'><strong>disciplinis,</strong></span> <span class='ocrx_word' id='word_1_286' title='bbox 790 3582 844 3630; x_wconf 87' lang='lat' dir='ltr'><strong>ex.</strong></span> <span class='ocrx_word' id='word_1_287' title='bbox 874 3583 927 3714; x_wconf 57' lang='grc' dir='ltr'><strong>ξι.</strong></span> <span class='ocrx_word' id='word_1_288' title='bbox 960 3565 1117 3645; x_wconf 87' lang='lat' dir='ltr'><strong>historia,</strong></span> <span class='ocrx_word' id='word_1_289' title='bbox 1147 3583 1301 3656; x_wconf 81' lang='lat' dir='ltr'><strong>geogra-</strong></span> 
     </span>
     <span class='ocr_line' id='line_1_39' title="bbox 191 3643 1302 3794; baseline 0.005 -86"><span class='ocrx_word' id='word_1_290' title='bbox 191 3643 295 3794; x_wconf 58' lang='grc' dir='ltr'><strong>ἓῑιιιι,</strong></span> <span class='ocrx_word' id='word_1_291' title='bbox 322 3643 554 3731; x_wconf 83' lang='lat' dir='ltr'><strong>philosophia,</strong></span> <span class='ocrx_word' id='word_1_292' title='bbox 589 3647 813 3724; x_wconf 86' lang='lat' dir='ltr'><strong>astronomia,</strong></span> <span class='ocrx_word' id='word_1_293' title='bbox 853 3649 1016 3734; x_wconf 82' lang='lat' dir='ltr'><strong>pysica,</strong></span> <span class='ocrx_word' id='word_1_294' title='bbox 1057 3651 1302 3730; x_wconf 85' lang='lat' dir='ltr'><strong>mathematica,</strong></span> 
     </span>
    </p>

    <p class='ocr_par' dir='ltr' id='par_1_14' title="bbox 187 3727 1303 4240">
     <span class='ocr_line' id='line_1_40' title="bbox 221 3727 1301 3818; baseline 0.007 -26"><span class='ocrx_word' id='word_1_295' title='bbox 221 3735 388 3794; x_wconf 83' lang='lat' dir='ltr'><strong>anctorum</strong></span> <span class='ocrx_word' id='word_1_296' title='bbox 409 3729 543 3795; x_wconf 84' lang='lat' dir='ltr'><strong>Patrnm</strong></span> <span class='ocrx_word' id='word_1_297' title='bbox 572 3727 662 3796; x_wconf 87' lang='lat' dir='ltr'><strong>dicta</strong></span> <span class='ocrx_word' id='word_1_298' title='bbox 690 3729 850 3796; x_wconf 81' lang='lat' dir='ltr'><strong>valebunt</strong></span> <span class='ocrx_word' id='word_1_299' title='bbox 882 3734 972 3818; x_wconf 82' lang='lat' dir='ltr'><strong>apud</strong></span> <span class='ocrx_word' id='word_1_300' title='bbox 1005 3733 1164 3800; x_wconf 87' lang='lat' dir='ltr'><strong>cordatos</strong></span> <span class='ocrx_word' id='word_1_301' title='bbox 1197 3735 1301 3814; x_wconf 90' lang='lat' dir='ltr'><strong>viros,</strong></span> 
     </span>
     <span class='ocr_line' id='line_1_41' title="bbox 191 3811 1303 3915; baseline 0.005 -39"><span class='ocrx_word' id='word_1_302' title='bbox 191 3817 347 3907; x_wconf 82' lang='lat' dir='ltr'><strong>quantum</strong></span> <span class='ocrx_word' id='word_1_303' title='bbox 369 3811 552 3881; x_wconf 84' lang='lat' dir='ltr'><strong>rationibus</strong></span> <span class='ocrx_word' id='word_1_304' title='bbox 573 3822 609 3880; x_wconf 86' lang='lat' dir='ltr'><strong>ct</strong></span> <span class='ocrx_word' id='word_1_305' title='bbox 630 3813 889 3900; x_wconf 85' lang='lat' dir='ltr'><strong>robustissimis,</strong></span> <span class='ocrx_word' id='word_1_306' title='bbox 918 3836 1024 3915; x_wconf 85' lang='lat' dir='ltr'><strong>neque</strong></span> <span class='ocrx_word' id='word_1_307' title='bbox 1048 3817 1227 3886; x_wconf 86' lang='lat' dir='ltr'><strong>fallacibus</strong></span> <span class='ocrx_word' id='word_1_308' title='bbox 1249 3836 1303 3883; x_wconf 85' lang='lat' dir='ltr'><strong>cr·</strong></span> 
     </span>
     <span class='ocr_line' id='line_1_42' title="bbox 190 3895 1302 3982; baseline 0.008 -24"><span class='ocrx_word' id='word_1_309' title='bbox 190 3899 358 3980; x_wconf 79' lang='lat' dir='ltr'><strong>gementis</strong></span> <span class='ocrx_word' id='word_1_310' title='bbox 379 3895 549 3980; x_wconf 82' lang='lat' dir='ltr'><strong>nitentor3</strong></span> <span class='ocrx_word' id='word_1_311' title='bbox 576 3901 644 3962; x_wconf 87' lang='lat' dir='ltr'><strong>tum</strong></span> <span class='ocrx_word' id='word_1_312' title='bbox 666 3900 744 3982; x_wconf 83' lang='lat' dir='ltr'><strong>qnia</strong></span> <span class='ocrx_word' id='word_1_313' title='bbox 765 3899 929 3967; x_wconf 86' lang='lat' dir='ltr'><strong>revelatio</strong></span> <span class='ocrx_word' id='word_1_314' title='bbox 952 3901 1068 3970; x_wconf 80' lang='lat' dir='ltr'><strong>divina</strong></span> <span class='ocrx_word' id='word_1_315' title='bbox 1090 3903 1177 3970; x_wconf 90' lang='lat' dir='ltr'><strong>istas</strong></span> <span class='ocrx_word' id='word_1_316' title='bbox 1200 3901 1302 3968; x_wconf 78' lang='lat' dir='ltr'><strong>‹lisci-</strong></span> 
     </span>
     <span class='ocr_line' id='line_1_43' title="bbox 187 3977 1302 4128; baseline 0.009 -86"><span class='ocrx_word' id='word_1_317' title='bbox 187 3977 299 4128; x_wconf 46' lang='lat' dir='ltr'><strong>sslinas</strong></span> <span class='ocrx_word' id='word_1_318' title='bbox 318 3984 355 4044; x_wconf 91' lang='lat' dir='ltr'><strong>et</strong></span> <span class='ocrx_word' id='word_1_319' title='bbox 376 3977 535 4074; x_wconf 78' lang='lat' dir='ltr'><strong>scientias</strong></span> <span class='ocrx_word' id='word_1_320' title='bbox 556 3977 810 4066; x_wconf 81' lang='lat' dir='ltr'><strong>haudquaquam</strong></span> <span class='ocrx_word' id='word_1_321' title='bbox 840 3985 1089 4070; x_wconf 83' lang='lat' dir='ltr'><strong>complectitur,</strong></span> <span class='ocrx_word' id='word_1_322' title='bbox 1120 3993 1187 4052; x_wconf 89' lang='lat' dir='ltr'><strong>tum</strong></span> <span class='ocrx_word' id='word_1_323' title='bbox 1218 3987 1302 4072; x_wconf 76' lang='lat' dir='ltr'><strong>quia</strong></span> 
     </span>
     <span class='ocr_line' id='line_1_44' title="bbox 216 4061 1300 4154; baseline 0.006 -26"><span class='ocrx_word' id='word_1_324' title='bbox 216 4069 307 4128; x_wconf 89' lang='lat' dir='ltr'><strong>atres</strong></span> <span class='ocrx_word' id='word_1_325' title='bbox 331 4061 423 4126; x_wconf 87' lang='lat' dir='ltr'><strong>lrisce</strong></span> <span class='ocrx_word' id='word_1_326' title='bbox 445 4079 478 4127; x_wconf 86' lang='grc' dir='ltr'><strong>ιιι</strong></span> <span class='ocrx_word' id='word_1_327' title='bbox 501 4064 601 4129; x_wconf 84' lang='lat' dir='ltr'><strong>rebus</strong></span> <span class='ocrx_word' id='word_1_328' title='bbox 619 4061 692 4130; x_wconf 86' lang='lat' dir='ltr'><strong>fere</strong></span> <span class='ocrx_word' id='word_1_329' title='bbox 713 4065 819 4133; x_wconf 85' lang='lat' dir='ltr'><strong>secuti</strong></span> <span class='ocrx_word' id='word_1_330' title='bbox 841 4077 919 4134; x_wconf 86' lang='lat' dir='ltr'><strong>sunt</strong></span> <span class='ocrx_word' id='word_1_331' title='bbox 949 4076 1104 4138; x_wconf 88' lang='lat' dir='ltr'><strong>auctores</strong></span> <span class='ocrx_word' id='word_1_332' title='bbox 1135 4070 1300 4154; x_wconf 78' lang='lat' dir='ltr'><strong>prutenos</strong></span> 
     </span>
     <span class='ocr_line' id='line_1_45' title="bbox 187 4144 1299 4240; baseline 0.003 -26"><span class='ocrx_word' id='word_1_333' title='bbox 187 4147 263 4214; x_wconf 85' lang='lat' dir='ltr'><strong>sive</strong></span> <span class='ocrx_word' id='word_1_334' title='bbox 286 4144 459 4228; x_wconf 85' lang='lat' dir='ltr'><strong>Gentiles,</strong></span> <span class='ocrx_word' id='word_1_335' title='bbox 482 4148 570 4214; x_wconf 89' lang='lat' dir='ltr'><strong>omni</strong></span> <span class='ocrx_word' id='word_1_336' title='bbox 599 4149 702 4214; x_wconf 91' lang='lat' dir='ltr'><strong>errori</strong></span> <span class='ocrx_word' id='word_1_337' title='bbox 725 4148 865 4217; x_wconf 87' lang='lat' dir='ltr'><strong>lrumano</strong></span> <span class='ocrx_word' id='word_1_338' title='bbox 888 4153 1069 4238; x_wconf 85' lang='lat' dir='ltr'><strong>obnoxios,</strong></span> <span class='ocrx_word' id='word_1_339' title='bbox 1106 4165 1202 4239; x_wconf 71' lang='lat' dir='ltr'><strong>prout</strong></span> <span class='ocrx_word' id='word_1_340' title='bbox 1233 4153 1299 4240; x_wconf 85' lang='lat' dir='ltr'><strong>ipsi</strong></span> 
     </span>
    </p>
   </div>
   <div class='ocr_carea' id='block_1_14' title="bbox 0 0 1448 4660">
    <p class='ocr_par' dir='ltr' id='par_1_15' title="bbox 0 0 1448 4660">
     <span class='ocr_line' id='line_1_46' title="bbox 0 0 1448 4660; baseline 0 2"><span class='ocrx_word' id='word_1_341' title='bbox 0 0 1448 4660; x_wconf 95' lang='lat' dir='ltr'><strong> </strong></span> 
     </span>
    </p>
   </div>
  </div>
 </body>
</html>
