2948 4662
215 323 278 392 972

341 487 415 554 cohi
438 483 647 571 patriarchae
670 481 876 570 prophetiam
900 482 949 550 cle‘
965 479 1323 582 llliiaenieerrplaoat)

338 575 372 640 in
397 572 566 647 Psalmno,
587 572 621 634 iu
639 567 836 644 l‘rouerhie,
858 568 891 632 in
906 568 1160 643 Ecclesiastem
1180 589 1213 634 m
1230 569 1323 635 Cau-

341 661 438 725 licum
462 654 692 729 Canticorum,
717 659 752 717 et
777 656 809 716 in
834 652 967 717 laniena.
989 693 1028 707 --
1074 653 1209 718 llcmum
1237 673 1324 718 non-

342 740 433 808 nulla
454 741 659 828 Fragmenta
680 736 893 804 llomiliarum
915 735 1082 820 ejusdem,
1103 742 1138 802 et
1159 736 1325 822 epistolae

343 826 386 894 ad
408 819 563 914 reginam
583 820 757 907 quamdam
781 820 845 885 duo
868 821 1058 910 fragmenta
1078 827 1206 888 extant

280 938 324 1028 o)
347 939 400 1004 Ex
423 936 588 1023 Operibus
609 935 682 1016 ejus
706 930 952 1019 chronologicis
974 934 1005 996 in
1036 938 1150 997 statua
1181 952 1325 998 marmo-

346 1058 406 1106 rea
428 1043 626 1105 asservatus
648 1042 703 1101 ent
723 1016 857 1094 Cenon
884 1016 1092 1096 Parorbelia
1112 1036 1154 1109 ⁸).

297 1166 345 1234 Ut
365 1183 463 1232 unium
485 1160 605 1229 sellem
628 1157 793 1244 proteram
813 1156 921 1222 locum
944 1153 1168 1242 dogmaticum
1190 1173 1234 1222 ex
1260 1155 1324 1223 hoc

214 1255 253 1323 S.
278 1253 389 1332 Patre,
413 1249 455 1315 de
478 1249 688 1314 sacramento
709 1239 943 1306 Eucharistiae
966 1241 1012 1304 ita
1034 1245 1194 1305 testatur:
1234 1241 1322 1323 „Scr-

209 1339 338 1426 piaatiu
360 1333 530 1419 proposuit
552 1347 686 1391 ereremum
707 1345 796 1388 aarum
810 1321 995 1414 (Provetb.
1019 1327 1048 1388 o.
1071 1318 1128 1405 2.)
1152 1359 1192 1371 -
1213 1341 1323 1389 vette-

214 1421 354 1490 randum
376 1421 595 1499 sanctumque
616 1413 690 1493 ejus
713 1427 833 1492 corpus
862 1415 897 1474 et
929 1408 1146 1492 sanguinem,
1181 1427 1266 1492 qrrue
1288 1409 1322 1472 ln

214 1507 356 1592 mystica
377 1512 412 1568 et
433 1500 547 1566 divina
568 1513 684 1561 menne
705 1493 853 1579 quotidie
880 1491 1095 1578 perficiuntur
1130 1497 1164 1556 et
1192 1491 1321 1568 eucn‘fi·

211 1589 383 1656 narraverim
405 1582 594 1652 memoriam
616 1580 743 1665 primae
774 1577 864 1644 illiue
899 1586 935 1644 et
964 1593 1098 1672 semper
1122 1573 1322 1646 recolendae

212 1676 346 1746 diuinae
369 1665 527 1737 coeuae.“
584 1665 778 1752 Fragment.
802 1659 1013 1730 commentar
1039 1679 1072 1726 m
1102 1657 1261 1726 Proverb.
1290 1663 1322 1742 9,

213 1757 308 1827 l-e.
352 1754 452 1842 (Opp.
474 1749 552 1820 vol.
575 1748 603 1814 l.
627 1768 659 1836 p.
680 1747 758 1824 989)
779 1747 841 1822 ”h

234 1897 323 1964 Nota
348 1911 375 1968 ι.
423 1893 510 1958 lnter
533 1890 643 1969 Opere
673 1884 769 1949 dubia
798 1883 912 1948 relerri
942 1895 1108 1947 meretura
1154 1879 1322 1945 Sermoa'u

422 1979 459 2044 S.
486 1971 711 2058 Theophanen,
735 1991 796 2052 quun
821 1987 934 2032 oruuen
956 1966 1217 2030 circumstantiae
1240 1963 1319 2045 bap·

422 2063 510 2126 timui
533 2055 653 2122 christi
678 2065 894 2132 exponuntur.
939 2049 989 2116 Cl.
1019 2051 1163 2132 Lumper
1190 2046 1213 2112 Ι.
1235 2068 1263 2112 c.
1288 2071 1318 2128 p.

420 2153 515 2209 60-
530 2149 582 2208 69.
604 2175 647 2190 -·
688 2136 784 2200 Haud
808 2137 969 2198 immerito
993 2137 1092 2196 etiarn
1115 2135 1198 2194 inter
1221 2131 1320 2194 dubia

421 2228 587 2291 refertur:
633 2221 684 2284 De
715 2219 969 2283 Choriemutiber
999 2217 1161 2298 (Spiritus
1182 2214 1320 2301 Sancti)

419 2315 450 2377 A
475 2308 609 2373 natoliae
631 2303 782 2378 traditio,
806 2324 888 2385 qnae
910 2316 1034 2382 partem
1059 2299 1144 2364 haud
1168 2301 1318 2383 exiguam

419 2335 496 2460 liiii
524 2392 629 2456 octavi
660 2385 930 2454 constitutionum
954 2383 1217 2467 Apostolicorum
1247 2380 1319 2444 clli-

419 2484 484 2552 eit3
515 2477 558 2540 cl.
582 2475 726 2552 Lamper
747 2467 770 2533 l.
793 2492 822 2543 o.
845 2493 875 2552 p.
898 2475 938 2536 56
959 2505 1001 2522 -··
1022 2475 1076 2534 60.
1096 2503 1137 2526 ..-
1182 2465 1320 2531 Ceillier

420 2564 443 2628 l.
466 2583 494 2626 c.
517 2583 550 2646 p.
573 2560 728 2624 ent-58.

419 2677 537 2758 Spurio
573 2684 647 2734 aunt
676 2677 808 2748 praeter
838 2664 929 2746 Opus
964 2663 1005 2725 da
1043 2659 1318 2724 consummatione

413 2759 524 2828 nrnndi
538 2767 571 2818 nt
586 2749 835 2817 dellntichriato
849 2747 926 2822 (vid.
939 2767 1034 2826 supra
1048 2752 1151 2824 pane.
1162 2741 1317 2820 Not.***):

415 2841 598 2908 chronicon
611 2833 796 2917 Hippolyti,
814 2832 891 2895 item
900 2827 1105 2910 Genealogia
1118 2826 1320 2890 samariae

414 2942 446 2993 et
466 2923 603 3004 Joseplri
627 2941 670 2983 ox
692 2918 804 2982 endem
826 2913 988 2976 Chronico
1011 2913 1191 2991 depromta,
1213 2906 1318 2972 Trac-

414 3025 500 3076 tntnn
524 3007 565 3068 de
588 2998 837 3086 lantpertum,
860 3010 893 3059 et
915 2993 999 3057 aliur
1021 2996 1061 3056 rte
1084 3001 1125 3060 79
1148 2990 1318 3071 discipulis

415 3112 476 3159 etc.
497 3134 538 3145 -
566 3089 616 3154 ct.
640 3090 784 3168 Lumper
807 3081 829 3148 l.
854 3101 880 3142 c.
904 3101 935 3162 p.
959 3085 1139 3146 tot-tto.
1163 3115 1204 3131 -
1228 3075 1318 3139 Cell-

414 3181 476 3246 lier
499 3177 520 3242 Ι.
546 3197 574 3242 c.
598 3197 628 3256 p.
646 3174 804 3240 nno-63.
828 3177 861 3230 et
882 3188 913 3247 p.
936 3170 1092 3234 ent-56.

210 3302 401 3376 editiones.-
423 3291 459 3356 S.
482 3283 653 3370 Hippolyti
678 3283 786 3362 Opera
809 3299 858 3361 gr.
881 3289 913 3340 el
936 3275 992 3340 lat.
1015 3275 1070 3344 ed.
1091 3275 1181 3341 ,1.Α.
1202 3268 1315 3338 Fabri-

413 3379 493 3440 ciun.
517 3369 695 3447 Hanulrurpi
720 3367 911 3429 atto-ts.
938 3357 1026 3424 Veli.
1049 3359 1078 3423 lt
1112 3355 1173 3426 tol.
1196 3359 1228 3422 in
1253 3376 1316 3417 uno

413 3459 534 3526 Turno.
556 3494 598 3506 -
640 3445 795 3515 Galland.
820 3442 981 3510 Bibliolh.
1004 3442 1047 3510 Τ.
1070 3441 1113 3510 ll.
1142 3465 1173 3522 p,
1196 3445 1315 3502 403..

415 3552 488 3616 530.
510 3581 552 3597 ·-
594 3535 657 3604 llis
685 3531 835 3596 addenda
864 3527 1061 3616 Fragmenta
1092 3524 1250 3614 quaedam
1282 3524 1316 3584 in

208 3736 417 3756 m

260 3860 292 3924 9)
310 3862 404 3916 canna
430 3859 485 3910 late
511 3850 670 3906 enectam,
695 3854 776 3908 quem
799 3844 892 3903 utpote
916 3843 951 3894 ah
970 3841 1096 3894 loalttulo
1114 3838 1209 3886 nostro
1228 3837 1317 3898 magia

314 3934 437 3982 alierum
454 3922 652 3982 chronologiae
670 3915 880 3968 eccleclentloee
897 3911 1027 3962 acuatum
1044 3908 1250 3960 discutiendum
1268 3919 1316 3954 re-

314 4005 479 4066 tlnqutnrua,
498 4005 559 4046 cunr
578 3997 701 4038 curiarum
718 3988 861 4038 doctorum
880 3983 953 4042 (Jnn.
971 3979 1120 4042 snellgerl,
1141 3979 1174 4027 9.
1193 3975 1314 4034 Patavii,

314 4077 384 4134 Aeg·
405 4067 547 4124 eucherii,
566 4062 614 4112 ltu.
634 4057 794 4118 lilanclalnt,
812 4055 841 4105 J·
859 4053 985 4114 Vlguoltl
1005 4048 1081 4107 ete.)
1104 4047 1315 4098 commentarltn

311 4143 459 4194 extrahetur
475 4141 505 4186 in
524 4132 648 4186 Falarleil
665 4129 735 4194 opp.
753 4129 783 4176 s.
801 4121 946 4183 lltppolytt
962 4121 1030 4171 vol.
1049 4121 1072 4169 l.
1098 4133 1127 4182 p,
1144 4115 1279 4170 38-216.

242 4243 293 4305 **)
311 4245 394 4293 Plura
413 4239 447 4287 ue
466 4230 528 4296 ejus
547 4233 672 4282 tnctrlna
690 4225 767 4280 dabit
786 4221 903 4286 humper
922 4217 943 4272 ι,
962 4229 989 4272 0.
1003 4229 1033 4278 ρ,
1054 4213 1115 4270 120,
1133 4227 1212 4286 seqq,
1234 4183 1314 4275 Μ),

312 4313 347 4365 let
365 4313 389 4361 l.
407 4303 462 4360 llll.
482 4299 522 4355 ὅ.
540 4299 602 4354 599.
621 4307 649 4348 a.
668 4291 701 4357 ii.
