2880 4660
202 307 289 371 ltt.

204 471 393 556 Scriptura,
415 467 449 532 in
471 483 536 553 qua
558 465 605 531 illi
629 469 724 531 crant
752 461 973 540 vermissmm
996 465 1033 534 *l
1066 459 1210 546 ideoque
1241 467 1311 527 tota

203 553 340 640 primum
361 550 526 636 Theologi
549 550 715 616 contentio
738 549 770 612 in
793 548 826 612 id
851 544 1055 611 conferenda
1078 551 1143 626 est,
1164 551 1199 610 nt
1222 545 1311 610 divi-

203 640 237 704 ni
261 637 355 704 verbi
376 635 520 701 lectione
543 641 578 700 et
599 632 810 698 meditatione
833 635 952 716 pascat
973 629 1123 708 animum,
1145 630 1178 693 in
1205 647 1312 715 eoque

204 737 332 788 ornnem
354 717 534 804 repositam
557 737 648 803 spem
671 735 749 782 esse
771 717 886 780 credat
907 714 1029 780 salutis
1050 729 1151 800 suae3
1164 718 1232 778 tum
1249 731 1312 778 ve·

205 825 242 872 ro
265 823 308 870 ne
330 804 477 870 coeleste
499 802 561 867 hoc
584 799 830 884 seripturarum
854 798 991 885 pignus,
1013 796 1122 862 alieno
1144 803 1203 862 ant
1224 799 1314 862 colo-

205 908 241 956 re
263 893 320 954 aut
341 905 446 953 sensu
472 885 745 962 contaminatum,
775 883 818 948 ad
842 884 1044 969 privatorum
1066 881 1190 946 delluat
1220 883 1312 946 arbi-

204 973 319 1053 trium,
348 970 508 1037 adhibeat
536 971 655 1036 Patres
688 969 948 1052 antesignanum
978 983 1040 1031 nec
1070 965 1243 1031 tamenin
1271 965 1312 1030 iis

206 1057 376 1143 quiescat,
398 1054 460 1120 scd
483 1054 593 1142 magis
614 1053 704 1118 unito
726 1070 800 1117 cum
823 1050 890 1115 illis
912 1047 1023 1118 studio
1053 1048 1097 1115 ad
1127 1048 1313 1114 divinarum

204 1140 455 1226 promissionum
487 1135 742 1224 intelligentiam
773 1141 941 1220 totamque
973 1132 1197 1199 Traditionem
1239 1151 1313 1198 cum

206 1225 311 1291 divini
333 1223 479 1308 Spiritus
501 1219 699 1287 adminiculo
722 1219 862 1284 eluctari
885 1215 1031 1284 studeat
1054 1255 1095 1268 -
1138 1216 1202 1281 llis
1224 1215 1313 1281 doti-

205 1309 268 1374 bus
289 1306 496 1372 naturalibus
518 1312 553 1370 et
574 1304 726 1372 scientiis
748 1303 921 1388 acquisitis
943 1301 1085 1368 accedat
1104 1318 1201 1386 porro
1219 1301 1314 1362 lictor

204 1391 368 1464 assiduos,
397 1408 574 1474 perquem
596 1390 657 1452 88.
680 1389 813 1453 Patrem
835 1387 984 1472 spiritum
1007 1384 1105 1449 nobis
1134 1383 1314 1450 reddamus

204 1482 315 1540 notum
338 1484 438 1559 atque
460 1479 684 1559 perspectum,
706 1477 916 1554 nostrumque
938 1470 970 1536 ei
1002 1468 1205 1535 conformare
1236 1472 1313 1532 stn-

206 1558 343 1624 dcamus
366 1566 530 1624 eteorum
553 1556 739 1622 sententias
761 1572 931 1640 vocesque
952 1554 1061 1639 ipsas,
1088 1558 1253 1638 quatenns
1279 1550 1314 1616 id

204 1643 277 1708 lieri
298 1647 407 1724 potest
428 1648 463 1708 et
484 1643 574 1718 licet,
588 1649 721 1706 nostras
737 1639 906 1704 faciamus.
930 1637 1178 1722 amplissimum
1192 1637 1314 1722 quippe

132 1747 134 1751 ·
205 1744 355 1810 campum
377 1732 412 1790 et
434 1726 593 1810 plurimas
616 1725 758 1791 delicias
781 1722 972 1808 spirituales
1000 1721 1138 1806 praebet
1167 1718 1313 1785 studium

205 1809 266 1874 88.
289 1809 441 1898 Patrum3
470 1809 559 1876 unde
588 1809 655 1873 vix·
674 1810 753 1884 erit,
783 1807 839 1892 qui
871 1825 956 1883 non,
985 1825 1051 1891 quo
1073 1805 1161 1888 plus*
1184 1803 1316 1878 biberit,

203 1893 279 1978 plns
301 1894 412 1973 sitiat3
434 1912 497 1959 nec
520 1911 661 1978 unquam
685 1908 893 1976 peromnem
914 1891 1018 1956 vitam
1041 1888 1149 1955 deerit
1175 1888 1315 1954 materia

207 1996 294 2061 qnae
330 1977 482 2044 veritatis
515 1977 698 2043 studiosum
728 1981 904 2054 exerceat,
939 1973 1085 2040 delectet
1117 1990 1158 2037 ac
1192 1971 1315 2050 trahat,

206 2079 358 2144 quaeque
387 2060 587 2146 dignissimo
608 2062 675 2136 sit,
699 2066 733 2125 ut
755 2059 892 2124 sedulus
913 2059 947 2123 in
960 2058 1061 2123 vinea
1076 2055 1207 2122 Domini
1229 2074 1313 2142 ope-

205 2143 312 2208 rarius
333 2149 434 2226 atque
466 2143 606 2208 idonens
637 2143 735 2229 regni
765 2143 929 2210 coelorum
958 2142 1107 2212 minister
1136 2159 1252 2206 omnes
1281 2140 1316 2206 in

203 2244 278 2292 eam
299 2243 422 2292 nervos
444 2225 594 2292 intendat
616 2233 716 2313 atque
738 2246 832 2294 omne
860 2227 909 2292 illi
937 2227 1038 2292 otium
1070 2223 1249 2310 impendat.
1274 2259 1314 2272 -

203 2309 356 2394 Denique
380 2309 414 2377 S.
441 2309 588 2394 Spiritus
608 2313 770 2375 consilinm
794 2311 963 2378 ferventer
985 2309 1153 2396 impleret,
1215 2308 1245 2374 ui
1269 2307 1314 2373 ed

203 2394 381 2491 lectionem
402 2392 463 2458 88.
485 2393 620 2460 l‘atrum
642 2415 681 2462 se
703 2396 858 2462 accinxit.
893 2397 995 2461 Prout
1016 2395 1102 2460 enim
1124 2327 1315 2478 8Ιίξῶρί-

203 2486 268 2544 ritu
284 2481 426 2562 juvante
450 2478 552 2548 libros
574 2498 654 2546 suos
676 2479 870 2557 coniecere,
898 2479 949 2545 sic
969 2479 1058 2546 idem
1080 2477 1138 2544 ille
1167 2475 1316 2562 Spiritus

205 2564 269 2629 ecit
303 2563 534 2641 necessarius,
562 2570 598 2629 ut
627 2564 700 2630 libri
729 2565 785 2630 isti
815 2569 906 2629 recte
934 2563 1185 2650 intelligantur,
1216 2579 1315 2642 quem

201 2649 316 2732 itaque
344 2653 423 2712 ante
456 2648 564 2731 ipsam
595 2649 771 2714 lectionem
802 2641 977 2730 implorare
1006 2646 1188 2734 condecet;
1219 2643 1315 2710 Deus

204 2731 290 2796 enim
314 2731 504 2815 petentibus
526 2730 694 2816 Spiritum·
708 2734 824 2796 bonum
848 2733 967 2798 lubens
988 2730 1157 2814 coneedit3
1178 2738 1318 2813 tumque

204 2819 332 2880 attente
353 2814 386 2879 iu
409 2814 534 2880 orantis
559 2815 686 2881 modum
709 2815 819 2880 humili
840 2821 948 2882 mente
971 2815 1318 2901 omniqnecumreve-

203 2899 312 2964 nentia
334 2898 508 2966 tractanda
529 2905 606 2964 sunt
626 2899 686 2963 88.
701 2899 832 2965 Patrium
856 2899 1000 2986 scripta:
1022 2900 1055 2965 in
1078 2899 1176 2964 rebus
1189 2895 1314 2983 quippe

205 2982 327 3051 divinis
348 2981 424 3047 sola
445 2983 601 3062 attentio,
623 2982 774 3060 devotio,
798 2985 924 3068 pietas,
951 2982 1090 3071 religio,
1119 2980 1315 3048 reverentia

204 3073 239 3134 et
260 3065 427 3134 humilitas
444 3068 565 3148 juvant
585 3075 791 3154 mentemque
815 3067 1031 3216 adaperiunt,
1053 3069 1106 3144 “l
1128 3073 1163 3132 et
1185 3066 1239 3215 qui
1270 3063 1315 3130 ad

203 3169 246 3217 ea
266 3169 367 3217 secus
390 3149 570 3229 accedunt,
591 3169 657 3216 non
679 3152 776 3218 modo
811 3151 880 3216 nihi
928 3151 1118 3235 proficiunt,
1147 3169 1186 3216 ee
1242 3149 1319 3236 ple·

204 3252 340 3321 rumque
354 3233 502 3302 evadunt
523 3235 717 3315 deteriores,
739 3237 828 3322 impii
853 3255 1054 3322 prorsusque
1073 3233 1196 3300 divinis
1216 3251 1318 3319 prae·

69 3396 76 3408 ,
204 3317 300 3385 sidiis
320 3318 480 3393 destituti,
503 3319 694 3386 nescientes
716 3319 830 3386 divina
852 3328 886 3386 et
908 3327 1027 3387 sancta
1049 3317 1164 3385 divine
1185 3324 1221 3384 et
1235 3333 1318 3403 pure

205 3422 285 3471 esse
306 3401 491 3469 tractanda.

209 3604 417 3618 ——n—

256 3705 287 3770 ¹)
306 3715 349 3764 lta
367 3727 476 3778 quoquc
499 3717 609 3768 Natalis
634 3717 824 3781 argonensis:
865 3717 1021 3782 „Quisquis
1041 3717 1150 3766 Petrum
1171 3713 1319 3764 Ecclesiae

309 3783 469 3835 fidissimum
488 3798 519 3836 sc
538 3789 681 3848 praestare
699 3787 804 3836 laborat
823 3787 1008 3848 discipulum,
1035 3787 1223 3836 attentissime
1241 3785 1321 3832 dlvi-

309 3864 359 3903 nas
375 3855 531 3917 scripturas
555 3857 700 3916 pervolvat
721 3855 845 3916 oportet,
872 3869 926 3908 neo
948 3868 995 3905 ens
1013 3867 1134 3919 uuquam
1153 3866 1169 3904 e
1189 3855 1320 3904 monibus

309 3919 466 4042 dtmtgtatst‘
502 3925 542 3973 Dc
568 3927 672 3986 opttus
695 3924 819 3974 methodo
843 3926 898 3991 leg.
925 3927 1035 3976 ltccles.
1062 3927 1186 3976 Petrum.
1222 3925 1253 3972 Ρ.
1281 3923 1320 3970 ll.

311 4005 336 4042 c.
359 3995 402 4042 1.

239 4083 291 4154 nt)
309 4092 339 4141 s.
357 4089 492 4141 Alliariae·
511 4091 551 4141 De
569 4091 709 4143 incarnat·
730 4091 817 4144 Ver-bl
837 4093 889 4143 Dei
907 4106 934 4142 ιι.
955 4091 998 4145 57.
