2948 4662
323 492 356 549 ct
379 489 560 548 ceterorum
586 481 815 566 Apostolorum
838 481 974 568 scriptis
1003 481 1173 560 haustum,
1203 481 1303 549 ctiam

324 587 419 634 mauu
449 587 512 631 sura
541 567 716 632 Ecclesiae
744 567 902 632 scritum
933 565 1074 651 reliquit.
1117 565 1169 630 Eu
1206 586 1303 650 porro

324 652 523 717 brevissimo
544 658 608 730 est,
630 657 666 717 et
687 650 783 716 tidem
805 585 1012 716 gathoiicarn
1036 649 1079 716 de
1100 648 1168 716 SS.
1191 651 1303 716 'irini-

323 743 393 800 tate
415 743 570 800 accurate
591 734 738 812 exhibet,
758 734 911 820 „illustre
934 742 1174 800 monumentum
1197 734 1304 800 tradi·

322 820 422 885 tionis
458 819 715 886 ecclesiasticae
750 837 792 884 ac
831 817 1026 884 Catholicae
1061 817 1103 884 de
1139 819 1303 886 Triuitote

324 903 578 988 professionis.“

261 1029 306 1118 3)
326 1013 596 1117 Mctcpdrasis
622 1021 664 1090 irc
690 1013 965 1108 Ecclesia-stoc,
992 1031 1126 1116 ‚precis
1158 1031 1304 1118 quidem,

320 1117 383 1182 sed
413 1117 515 1183 ratde
543 1113 653 1182 uiiiis“
674 1118 723 1189 ’*).
786 1117 838 1183 lui
865 1125 967 1183 totum
996 1117 1230 1182 Ecclesirutae
1259 1117 1304 1182 ii-

326 1203 429 1279 brum,
447 1202 482 1266 in
503 1200 675 1266 duodecim
704 1200 817 1287 capita
846 1201 1008 1277 divisum,
1042 1199 1132 1266 brevi
1163 1200 1305 1284 uiridem,

321 1285 383 1350 sed
407 1294 565 1352 accurata
586 1285 803 1370 omnibusque
831 1285 977 1371 ingeniis
1006 1284 1221 1352 accomodata
1249 1286 1303 1350 in-

322 1370 560 1452 terpretatione
583 1371 762 1453 percurrit,
796 1378 831 1435 ut
851 1389 960 1438 rerum
982 1369 1123 1434 omnium
1144 1369 1207 1434 suit
1230 1371 1304 1437 soie

324 1455 505 1519 vanitatem
529 1453 715 1518 luculenter
736 1453 992 1532 demonstraret,
1015 1459 1051 1518 et
1071 1471 1142 1530 eoa,
1165 1455 1220 1534 quui
1233 1454 1303 1518 vir—

322 1546 424 1604 tutem
446 1536 568 1603 sectari
591 1536 795 1613 desiderant,
818 1537 862 1604 ari
885 1537 1222 1624 morescorrigendos
1238 1536 1304 1604 od-

323 1620 402 1687 ditis
423 1621 567 1688 stimulis
591 1622 701 1706 magis
718 1621 884 1688 incitaret.

259 1725 305 1818 4)
330 1731 480 1817 lienique
507 1751 549 1797 cx
577 1732 729 1817 epistolis
758 1732 856 1818 hujus
885 1733 924 1799 S.
947 1731 1077 1813 Patris,
1110 1751 1197 1818 quae
1227 1733 1303 1800 oiim

322 1818 428 1903 vulgo
450 1817 644 1882 serebantur
666 1815 717 1886 (S.
742 1817 933 1903 Hieronym.
954 1836 984 1883 c
1008 1821 1088 1898 dod,
1112 1816 1211 1884 hodic
1230 1818 1305 1885 sola

322 1925 417 1984 extat
441 1901 620 2001 luparolo
646 1909 842 1990 carropera,
870 1919 1039 2020 Episcopo
1062 1918 1192 1986 cuidam
1208 1919 1305 1987 Ponti

322 2021 409 2067 nuno
430 2004 504 2067 258.
527 2005 653 2090 scripta
675 2011 710 2070 et
739 2023 759 2069 a
781 2003 930 2072 Concilio
952 2003 1115 2072 'l'ruilano
1137 2023 1304 2070 commen-

323 2084 403 2151 data
458 2085 563 2166 Qatnu
595 2089 681 2155 euim
711 2087 973 2156 Christianorum
1007 2088 1212 2173 complures,
1248 2088 1304 2174 qui

322 2189 366 2234 ex
397 2169 635 2245 Barbarcrum,
668 2172 798 2239 scilicet
820 2171 1022 2248 Gothorum,
1052 2172 1241 2238 incursione
1270 2175 1304 2238 in

322 2255 550 2340 captivitatem
580 2256 785 2335 inciderant,
819 2257 921 2323 murita
950 2266 985 2322 ct
1012 2258 1134 2343 gravio
1162 2276 1305 2338 peccas·

321 2344 409 2416 seut,
431 2338 492 2404 ilos
514 2357 660 2407 canones
681 2342 733 2418 ”i
755 2342 909 2408 exaravit
930 2337 969 2406 S.
986 2340 1124 2407 Praestri
1149 2342 1304 2407 Neocae-

321 2425 513 2502 sareeuais,
548 2426 666 2508 nuribus
694 2445 805 2493 eoram
834 2425 937 2492 saluti
960 2426 1065 2490 bonnus
1088 2433 1204 2510 pastor
1227 2444 1305 2509 pru-

320 2511 475 2591 spiceret.
521 2507 570 2575 ibi
593 2511 688 2576 varia
709 2511 872 2576 scelerum
896 2529 1035 2598 genera,
1058 2529 1079 2575 a
1102 2508 1304 2576 Christianis

323 2599 532 2676 perpetrata,
553 2595 709 2679 exponit,
731 2595 807 2661 sive
828 2595 922 2660 cibos
945 2594 1126 2678 prohibitas
1148 2593 1304 2660 comede·

323 2682 413 2751 runt,
446 2679 522 2742 sive
549 2679 636 2762 turpi
665 2679 807 2744 avaritia
838 2677 929 2746 ducti
950 2678 983 2742 iu
1006 2679 1142 2744 aliorum
1165 2697 1247 2762 opes
1269 2683 1305 2744 et

322 2756 471 2826 fortunas
494 2760 710 2837 intruserant,
745 2763 820 2828 sive
842 2761 1045 2829 orthodoxos
1068 2763 1219 2848 captivos
1241 2763 1303 2828 de-

320 2841 508 2922 tinuerant,
538 2847 614 2911 sive
642 2846 826 2930 proditores
857 2853 1001 2932 egerant
1034 2851 1068 2912 ei
1096 2845 1303 2912 crudelitatis

322 2925 532 3006 horrhaeorum
555 2938 728 2995 consortes
751 2930 831 2996 iacti
857 2932 1013 3014 lucrant3
1047 2929 1170 2997 deinde
1191 2930 1304 2997 varias

320 3009 524 3093 ‹pruoruudam
546 3016 784 3079 exclusationes
806 3035 913 3080 ranas
935 3033 1013 3080 esse
1037 3015 1217 3100 lutiiesqae
1245 3035 1303 3078 os-

246 3163 248 3168 .
321 3093 446 3244 itinifiit,
476 3104 510 3162 et
540 3115 666 3184 poenas
689 3101 869 3166 canonicas
900 3101 943 3164 ab
966 3098 1084 3165 iisdem
1107 3097 1300 3166 subeundas
1343 3113 1350 3124 ·

321 3197 375 3242 sa
393 3199 422 3243 ur
440 3225 449 3243 .

248 3287 359 3354 Nutu:
407 3290 543 3373 Reliqua
571 3297 697 3372 ornniu,
722 3275 808 3377 'quoe
839 3296 872 3358 in
903 3297 998 3356 editis
1029 3293 1122 3356 libris
1152 3293 1210 3356 sair
1234 3297 1303 3376 ojus

405 3381 534 3440 nurnine
547 3380 822 3456 circumducuntur,
836 3379 1043 3459 supposititia
1056 3378 1203 3441 irahcaria
1218 3393 1303 3440 sunt.

201 3531 408 3546 Ἤ

245 3624 277 3682 *i
294 3632 324 3675 s·
345 3631 507 3693 illarunynr.
532 3633 567 3682 de
590 3629 723 3694 scriptor.
749 3637 854 3686 eccles.
880 3647 906 3686 c.
931 3631 976 3686 65.
1003 3635 1032 3684 et
1057 3633 1242 3682 (inminenter.
1271 3633 1301 3682 iu

301 3697 464 3750 Ecclesiam.
484 3714 510 3750 c.
529 3700 556 3752 i.
577 3715 604 3749 v·
628 3703 669 3754 13.
690 3707 732 3762 t'i'.
745 3707 793 3754 ill.
813 3703 999 3768 ptlat-ao).
1020 3703 1108 3754 naun.
1128 3703 1147 3751 i·
1167 3714 1191 3750 o·
1212 3705 1303 3751 testu-

298 3772 358 3818 tor:
383 3774 434 3833 „tn
455 3771 643 3823 Ecclesiasten
663 3779 846 3838 ruetapnraolu
868 3775 1140 3840 magnificentissime
1157 3768 1303 3836 scriptumsti

299 3839 361 3887 dura
380 3840 514 3891 Eusebius
532 3853 592 3892 cnm
611 3845 726 3894 silentio
745 3849 951 3907 praetermittit.

229 3922 281 3986 **)
298 3930 431 3983 lindcclm
449 3936 565 3996 epistola
585 3937 655 3986 bueo
673 3943 795 3987 continet
814 3951 950 3996 canones,
969 3945 1081 4001 quorum
1100 3937 1182 3998 primi
1201 3937 1298 3984 decern

296 4005 414 4053 omnium
439 4009 610 4056 cruditorum
634 4008 752 4056 calculis
770 4009 899 4074 Gregorii
925 4011 1118 4071 thaumaturgi
1146 4017 1209 4055 case
1237 4019 1301 4054 uos-

296 4076 413 4135 cautam
439 4087 527 4125 conon
552 4089 620 4126 vero
639 4080 800 4128 undecimus
818 4081 889 4129 ltoud
911 4082 1048 4129 immeo-lto
1068 4081 1095 4129 lu
1116 4079 1226 4128 dublum
1248 4089 1300 4124 vu·

297 4146 391 4204 catur,
410 4145 449 4194 cl.
466 4147 495 4195 J.
515 4149 639 4196 Matrinus
653 4150 688 4197 dc
701 4149 873 4199 poenitencia
891 4150 941 4198 lito.
960 4149 989 4200 6.
1009 4163 1035 4197 c.
1060 4153 1083 4198 i.
1100 4145 1174 4208 s.·9.
1213 4146 1302 4196 Nato-

297 4211 334 4262 lis
352 4216 513 4266 Alexander
531 4219 634 4267 litator.
654 4217 760 4268 [docies.
789 4219 1079 4270 §occuluissent
1103 4216 1143 4270 18.
1182 4217 1302 4277 tromper

299 4283 318 4336 Ι·
336 4297 362 4336 c·
382 4299 409 4350 Po
426 4283 541 4340 3⁰³2&
568 4287 680 4338 nimii·
702 4288 722 4337 io
741 4299 766 4337 οο
787 4300 814 4351 po
834 4285 972 4340 2564?-
