2948 4662
211 315 276 382 278

214 483 334 582 coepit.
368 479 617 548 Ordinatiouom
640 499 734 547 suam
757 479 845 545 datis
868 479 974 545 literis
998 478 1173 565 missisque
1195 479 1323 568 legatis

215 567 396 633 Africanae
424 575 523 653 utque
545 565 706 632 Orientali
736 564 903 630 ecclesiae
929 564 1134 648 significauit
1156 563 1324 630 Nor-atia—
1454 599 1455 608 2

212 671 286 717 nus
331 650 520 734 Cyprianus
542 669 639 728 uero,
671 649 725 714 ubi
755 649 889 731 primum
913 647 1122 736 cognouerat
1147 666 1188 713 ex
1217 649 1324 714 literis

213 749 281 802 tum
310 753 331 801 a
360 735 534 807 Cornelio,
575 742 642 798 tum
676 753 696 796 a
731 734 921 796 Norutiano
956 732 1140 818 perceptis,
1174 730 1322 800 Cornelii

211 819 407 887 electionem
431 819 617 916 impugnari
645 835 665 882 a
694 816 877 886 nonnullis,
907 817 1037 882 minime
1065 815 1195 902 quidem
1222 815 1323 882 dubi-

211 907 321 983 tauit,
351 902 539 970 Cornelium
561 901 712 990 legitime
734 901 877 966 electum
900 918 1081 986 venumque
1103 917 1183 966 esse
1207 899 1331 966 Ponti·-

211 987 326 1073 ticem3
354 986 415 1052 sed
439 998 474 1053 ut
495 987 581 1050 uum
606 985 810 1051 adversariis
831 1003 958 1050 omnem
984 983 1229 1070 perturbandae
1251 985 1322 1050 Ec-

212 1073 340 1138 clesiae
362 1089 497 1138 causam
520 1067 785 1156 praecluderent,
808 1069 881 1154 ipse
902 1087 975 1133 cum
992 1069 1322 1166 cornplnribusEpis·

213 1156 327 1254 copis,
349 1157 403 1241 qui
428 1157 458 1220 in
483 1175 580 1220 unum
603 1159 847 1231 corruenerant,
875 1153 991 1219 literne
1013 1151 1267 1239 Episcoporum,
1300 1173 1322 1218 a

213 1241 333 1326 qrrrbus
355 1237 526 1304 ordinatus
549 1239 659 1303 iuerat
680 1235 874 1310 Cornelius,
908 1235 1143 1302 desiderarunt
1165 1237 1321 1322 legatos-

210 1340 277 1422 que
300 1324 477 1399 miserunt,
508 1323 562 1406 qui
585 1321 647 1388 bus
670 1322 786 1386 literas
809 1320 973 1386 referrent
995 1328 1150 1387 ettotam
1176 1339 1243 1386 rem
1267 1321 1321 1386 di·

211 1409 235 1473 lr
265 1415 360 1472 enter
381 1406 586 1493 exploratam
610 1413 794 1470 narrarent.
839 1403 925 1471 llum
949 1405 1033 1470 baec
1056 1405 1189 1480 tierent,
1211 1405 1244 1471 le
1274 1405 1320 1470 ati

212 1511 233 1557 a
288 1491 444 1556 ovatiano
466 1491 558 1557 missi
572 1488 814 1576 Carthaginem
837 1501 1001 1556 uenerunt
1022 1489 1224 1570 nrrntiantes,
1246 1425 1319 1554 ho·

211 1575 379 1640 vatianum
411 1575 533 1640 tactum
561 1592 641 1641 esse
663 1574 886 1660 Episcopum
925 1593 988 1658 qrro
1020 1581 1186 1660 compertu
1207 1575 1320 1640 statim

211 1659 401 1745 Cyprianus
429 1661 569 1744 ejusque
599 1657 758 1744 collegae
790 1677 810 1722 a
839 1659 1064 1724 communione
1094 1675 1171 1733 eos,
1204 1664 1320 1742 utpote

209 1741 443 1810 schismaticus
472 1743 649 1809 Ecclesiae
682 1743 841 1808 unitatem
875 1743 1080 1819 lacerantes,
1115 1741 1320 1809 cohibendos

210 1844 289 1895 esse
316 1835 534 1907 censuerunt,
567 1826 719 1893 refutatis
750 1826 879 1892 interim
909 1846 948 1893 uc
974 1826 1096 1893 retusis
1124 1844 1236 1892 eorum
1259 1845 1319 1892 ca-

206 1910 342 1978 lumniis
364 1913 437 1997 (ep.
459 1913 545 1991 dl).
590 1912 669 1978 Mox
693 1930 773 1977 vero
794 1930 836 1978 ex
860 1911 1056 1999 legatorum,
1079 1929 1161 1998 quos
1175 1910 1319 1994 Cypria-

208 2013 273 2061 nns
301 1995 438 2060 Romam
469 1996 625 2075 miserat,
654 1995 816 2061 relatione
845 2003 948 2062 etex
978 1995 1085 2060 literis
1113 1994 1318 2081 collegarum

209 2077 356 2146 Cornelii
385 2078 428 2144 de
454 2078 605 2164 legitima
634 2079 728 2145 istius
759 2079 964 2145 ordinatione
986 2080 1172 2145 certissime
1193 2081 1317 2142 consti-

211 2163 269 2248 tit3
299 2161 419 2228 abhinc
440 2161 629 2249 Cyprianus
656 2163 742 2228 omni
773 2169 892 2229 conatu
917 2162 1142 2238 adlaboravit,
1166 2170 1200 2228 ut
1221 2165 1319 2228 triste

208 2244 357 2312 schisma
379 2248 573 2332 reprimeret
595 2251 669 2331 (ep.
691 2249 777 2322 db).
822 2243 1033 2396 Quapropter
1055 2249 1184 2333 etipse
1207 2247 1319 2313 retulit

208 2330 252 2396 ad
275 2328 464 2397 Cornelium
486 2331 679 2398 Pontibcenu
701 2329 743 2397 de
770 2331 871 2398 rebus
900 2333 1068 2398 eccesiae
1098 2349 1181 2398 surae
1209 2349 1319 2420 agen-

210 2413 309 2503 dique
340 2415 499 2482 rationem
529 2415 699 2503 bucusque
726 2424 895 2482 servatam
926 2433 1036 2482 coram
1067 2435 1107 2482 eo
1138 2416 1317 2504 purgavit3

209 2506 245 2562 et
265 2498 412 2598 reliquos
436 2517 495 2598 per
517 2502 706 2566 universum
731 2498 876 2566 Africam
904 2500 1081 2585 episcopos
1103 2500 1146 2564 de
1169 2499 1319 2587 legitima

209 2580 357 2650 Cornelii
377 2583 585 2650 ordinatione
607 2584 834 2649 etNouatiani
853 2583 1033 2650 schismate
1055 2585 1216 2651 certiores
1240 2583 1319 2648 red-

211 2666 312 2733 didit:
334 2667 467 2733 tandem
489 2669 703 2733 confessores
725 2668 893 2734 Romanos
913 2669 1103 2732 Nouatiano
1126 2665 1318 2732 arlhaeren-

211 2759 265 2816 tes
292 2769 313 2816 ιι
344 2750 414 2816 diro
441 2749 623 2817 schismate
644 2769 805 2816 revocare
827 2751 954 2818 studuit
974 2760 1040 2818 tum
1063 2751 1170 2817 literis
1192 2751 1234 2817 ad
1258 2769 1319 2818 eos

210 2833 317 2910 datis,
344 2852 441 2919 quam
464 2834 548 2900 libro
571 2835 613 2900 de
635 2833 772 2902 Unitate
795 2836 974 2902 Ecclesiae
992 2835 1115 2903 idcirco
1137 2836 1319 2921 composito

211 2916 310 2982 etad
334 2934 393 2983 eos
422 2920 641 3005 transmissor
670 2919 703 2985 id
728 2918 813 3006 qoud
836 2940 878 2986 ex
903 2922 1001 2987 animi
1023 2927 1103 2986 voto
1123 2919 1188 3005 ipsi
1211 2919 1319 2986 cessit

208 3005 278 3085 (ep.
302 3003 480 3081 41-52.).
531 3002 716 3068 Damnatus
738 3011 773 3068 et
794 3007 939 3087 rejectus
960 3009 1029 3070 toto
1051 3003 1131 3070 orbe
1152 3003 1319 3070 Novatia-

208 3103 274 3152 nus
294 3084 434 3151 animum
457 3105 523 3153 nou
557 3087 752 3175 despondit,
788 3089 849 3155 sed
882 3108 942 3174 per
975 3089 1131 3172 plurimas
1160 3088 1318 3154 civitates

211 3171 616 3271 uovosoapustolosnsuos
638 3172 727 3238 misit
749 3170 826 3323 Sep.
849 3176 902 3238 dl.
927 3194 958 3259 p.
982 3171 1076 3257 aa),
1099 3179 1134 3237 ut
1154 3171 1318 3259 quaedam

208 3259 359 3321 recentia
391 3258 608 3322 institutionis
641 3274 726 3323 suae
777 3255 977 3323 undameutu
1010 3259 1249 3334 constitueret,
1283 3261 1321 3323 et

209 3357 313 3426 super
339 3339 510 3427 legitimos
533 3340 719 3426 Eriscopos
752 3348 884 3407 crearet
911 3341 996 3406 alios
1024 3341 1319 3427 pseudo-episco-

210 3422 467 3593 ihh'iadeiihhe
479 3423 564 3574 ihlthcr
574 3425 1077 3596 ehhhhihlhhmhhlidaffiinphhhedo
1094 3421 1319 3594 (hhishhprhs

210 3589 245 3656 in
270 3591 388 3657 Airica
410 3591 452 3656 ab
474 3592 549 3659 istis
572 3593 793 3660 schismaticis
816 3594 1017 3659 constitutus
1039 3599 1092 3658 est
1108 3587 1184 3690 (ep.
1208 3593 1260 3656 55.
1286 3611 1318 3678 p.

211 3668 321 3761 148).
357 3675 494 3742 interim
516 3677 736 3754 Novatianus,
759 3684 794 3744 ut
815 3677 972 3744 invidiam
996 3676 1150 3744 Cornelio
1172 3675 1319 3741 condere

210 3766 387 3846 pergeret,
416 3777 457 3826 ac
492 3760 556 3826 sihi
584 3761 812 3828 auctoritatem
842 3761 983 3848 quodam
1013 3759 1210 3846 disciplinae
1243 3758 1319 3825 lucu

210 3847 435 3928 compararet,
468 3840 590 3909 docere
624 3845 753 3930 coepit,
780 3863 823 3911 ea
851 3851 1019 3932 potestate
1047 3861 1164 3911 carere
1194 3844 1318 3910 Eccle-

209 3921 307 4022 sium,
329 3943 396 4012 qua
416 3926 594 4014 lapsorum,
615 3945 699 4012 quos
719 3928 807 3996 inter
827 3937 862 3996 et
883 3928 1086 3996 libellaticos
1111 3927 1318 4005 numerabat,

209 4027 334 4078 crimen
356 4010 593 4091 dimitteretur,
615 4027 688 4078 cum
708 4020 832 4093 umen,
852 4015 991 4081 eosdem
1020 4011 1063 4080 ad
1094 4012 1318 4100 poenitentiae

208 4109 311 4174 opera
333 4093 559 4163 exhortandos
580 4113 681 4176 esse,
701 4099 891 4184 neutiquam
914 4104 1070 4183 negaret.
1114 4095 1177 4163 Cui
1205 4094 1318 4162 statim

208 4175 398 4264 Cyprianus
418 4178 597 4247 Ecclesiae
625 4178 822 4250 Catholicae
854 4180 1038 4248 doctrinam
1068 4179 1240 4267 opposuit,
1273 4197 1317 4252 „a

207 4262 413 4349 poenitentia
432 4263 571 4354 agenda
592 4267 754 4334 nemiuem
776 4265 900 4333 dobere
922 4262 1107 4350 prohiberi,
1133 4271 1170 4332 et
1191 4262 1317 4348 depre-
