2906 4652
366 449 547 520 uolnudanr
567 451 791 536 suscepisset,
816 455 919 518 tolon
941 452 1014 534 elus
1035 449 1197 538 vitamet
1218 467 1354 518 ornnem

362 537 547 621 nequitiam
569 535 730 622 graphice
754 533 923 621 depingit,
960 541 1155 621 praesert-
1181 552 1263 601 vero
1286 553 1354 601 ex-

364 621 470 704 ponit,
498 639 584 705 quae
613 629 679 686 tuor
706 619 780 704 ipse
804 621 983 704 Apostata,
1014 626 1093 685 turn·
1114 636 1155 684 eo
1177 617 1352 703 inperium

364 709 499 772 tenente
522 715 623 789 alque
645 704 845 769 connivente
867 703 923 770 olii
941 702 984 769 ad
1001 701 1238 768 destruendam
1247 701 1352 768 Clrri·

365 789 410 854 sti
433 786 529 855 tideru
552 787 607 854 vel
631 787 860 865 fraudulenta,
887 786 942 853 uel
968 787 1114 852 violenta
1135 784 1352 853 adhibuerint

367 871 495 956 inediae
524 879 559 940 et
579 873 770 958 {requenter
793 878 859 936 turu
882 892 923 937 ex
949 872 1039 936 ruiris
1060 871 1250 949 edentibus,
1279 876 1351 937 tum
1427 881 1428 948 l

366 975 423 1028 ex⁴
440 957 515 1041 ipsa
547 955 657 1022 indole
686 955 861 1038 religionis
882 953 1114 1034 Christianae,
1143 951 1274 1021 demum
1304 973 1349 1021 ex

293 1067 297 1072 ·
367 1040 472 1107 variis
490 1039 618 1107 lullum·
646 1040 798 1132 legibus,
834 1040 952 1125 quibus
973 1038 1166 1106 Christiana
1195 1037 1351 1104 instituta

364 1126 398 1190 in
421 1124 659 1192 Ethnleismuru
684 1124 867 1190 transferre
888 1123 1027 1196 curavit,
1049 1122 1225 1220 religionis
1247 1120 1350 1189 Clrri-

283 1217 291 1232 *
363 1209 494 1275 stionne
515 1208 749 1276 excellentium
772 1207 987 1285 demonstrat,
1002 1207 1239 1274 Ethnicrsnrunr
1262 1225 1348 1272 veru

364 1311 407 1358 ex
430 1293 571 1360 internis
599 1292 802 1378 potissimum
831 1293 1013 1359 rationibus
1040 1291 1255 1358 vehementer
1283 1289 1350 1356 iur-

365 1384 506 1476 puguat
560 1377 661 1442 Porro
684 1377 717 1440 iu
740 1374 830 1442 ofer,
855 1375 918 1449 V„
947 1394 1033 1463 qnae
1061 1381 1114 1442 est
1136 1393 1216 1462 pare
1238 1373 1349 1441 altera

237 1500 244 1529 ι
365 1479 462 1558 nurus
480 1463 579 1548 'quusi
602 1457 735 1546 0paris,
756 1459 855 1526 aliurn
878 1460 943 1526 silui
965 1457 1086 1525 Orator
1107 1479 1243 1558 scopum
1265 1477 1348 1546 pro-

340 1543 1346 1726 .'e'ffiffo'rr‘r'rfrffllfgussfffieffiu‘riurffl'ffossssfflffss'irrlffl

360 1709 472 1812 rem?
495 1712 548 1779 huc
570 1713 704 1780 scrlrcet
722 1731 755 1778 rn
779 1713 899 1776 dr’rdnr'r
917 1713 1051 1809 judiciis
1072 1730 1256 1778 sermonem
1280 1729 1344 1810 po-

244 1861 249 1872 ,
359 1805 421 1876 nrt,
443 1796 667 1865 inevitabilem
689 1815 768 1864 esse
782 1795 844 1863 nei
862 1797 1026 1880 jnsnliam
1047 1794 1241 1874 ostendeus,
1263 1794 1346 1862 lucet

362 1879 499 1948 diversa
520 1883 646 1948 ratione
669 1881 833 1971 improbos
854 1880 964 1948 feriat.
993 1877 1098 1962 ouem
1121 1879 1154 1947 in
1177 1879 1275 1945 linem
1299 1880 1345 1945 ibi

363 1963 508 2032 divinam
531 1965 710 2040 vindictum
732 1963 868 2031 Juliano
889 1965 1072 2063 irrogatam
1094 1963 1135 2030 ob
1159 1962 1273 2030 oculos
1295 1964 1344 2030 si-

362 2050 439 2128 stit,
469 2048 543 2116 duur
571 2049 678 2116 omnia
699 2049 772 2132 ejus
794 2048 934 2114 consilia
955 2049 1056 2147 rmpiu
1079 2064 1262 2133 omnesque
1284 2065 1344 2113 cu-

233 2197 238 2206 ,
362 2140 461 2198 natus
481 2134 516 2200 iu
539 2153 658 2200 vanum
681 2137 835 2210 ruerentc
858 2139 973 2200 narrat
994 2133 1112 2221 igitur,
1148 2151 1213 2214 ouo
1266 2138 1343 2197 acto

359 2214 517 2312 Julianus
546 2217 730 2301 Imperator
757 2215 801 2282 ad
830 2215 1125 2301 Hierosolynrjtani
1156 2215 1267 2366 tempi
1283 2217 1343 2312 ‚in-

358 2305 594 2368 staurotronem
608 2299 762 2368 ludaeos
784 2302 996 2379 excitaverit,
1016 2309 1051 2368 et
1074 2319 1138 2388 quo
1163 2319 1212 2368 mo
1238 2320 1255 2365 o
1277 2300 1346 2374 ulli,

361 2384 473 2450 multis
497 2383 700 2452 coelestibus
721 2384 831 2485 signis
854 2385 1015 2462 deterriti,
1037 2385 1080 2453 ab
1102 2403 1203 2470 opere
1219 2391 1342 2468 coeptu
1426 2459 1427 2472 χ

360 2467 527 2536 desistere
549 2470 658 2536 coacti
686 2469 826 2548 luerunt,
862 2467 984 2535 deiude
1005 2468 1165 2535 Persicae
1195 2468 1341 2564 expedi·

360 2552 460 2619 tionis
482 2552 649 2620 historiam
671 2561 705 2620 et
715 2556 935 2620 Romanorum
959 2552 1105 2633 cladem,
1127 2551 1254 2618 Juliaur
1280 2552 1341 2618 dc-

360 2637 458 2723 nique
480 2639 632 2704 miserum
655 2637 819 2705 interitum
842 2637 989 2723 exponit,
998 2641 1137 2724 ejusque
1151 2637 1250 2702 lenus
1267 2638 1341 2704 ele·

384 2723 454 2790 anti
475 2722 718 2805 comparatione
740 2720 1008 2791 cumCunslantii
1031 2723 1149 2790 tuncrc
1169 2720 1340 2804 plurinum

358 2741 530 2889 {eprinitr
561 2813 627 2872 tum
647 2805 738 2872 ”serio
760 2813 888 2882 mouet,
917 2813 1072 2893 quantum
1094 2806 1139 2872 sit
1160 2805 1199 2870 in
1217 2803 1339 2873 lllhni-
1426 2837 1427 2882 ς

358 2889 461 2953 cismo
481 2890 582 2954 inane
603 2899 636 2954 et
659 2899 765 2974 turpe,
787 2909 827 2956 ac
847 2909 942 2976 quarn
966 2907 1094 2976 graves
1117 2908 1264 2976 poenae,
1286 2891 1339 2954 sin

358 2971 464 3037 minus
492 2974 710 3057 temporales,
741 2980 834 3040 certc
860 2980 970 3040 tamen
1001 2982 1160 3041 aeternae
1182 2971 1340 3062 Gentiles

358 3060 460 3152 atque
480 3055 598 3142 impios
619 3063 794 3138 maneant3
825 3057 968 3143 denique
997 3055 1223 3132 sermune'ad.
1240 3057 1340 3123 chri-

357 3149 488 3206 stranns
508 3159 683 3222 converso,
706 3141 841 3210 cosdem
864 3143 1067 3225 exhortatur,
1091 3151 1126 3210 nt
1148 3143 1239 3208 ritae
1261 3161 1340 3226 pro-

357 3223 461 3300 bitate
476 3225 540 3292 ilci
562 3227 742 3295 vindictam
765 3245 787 3291 a
809 3246 849 3294 se
869 3229 1028 3294 studerent
1048 3231 1216 3303 avertere,
1237 3233 1339 3310 alque

355 3327 493 3460 pplrgnnlpt·
506 3310 731 3461 ropderelioue
753 3312 853 3378 rebus
876 3313 909 3377 in
936 3313 1106 3400 prosperis
1133 3329 1220 3398 ergo
1243 3307 1340 3374 Gen-

370 3416 379 3459 r
416 3415 434 3460 s
492 3413 534 3462 arr
551 3416 600 3462 ur.
935 3425 939 3434 ·

292 3497 338 3588 3]
361 3503 437 3574 Una
467 3507 672 3576 solumnodo
700 3517 794 3577 extat
826 3509 939 3574 Oratio
967 3508 1135 3592 exegetica
1164 3510 1215 3586 ³),
1240 3526 1341 3592 ,quae

356 3608 421 3656 non
442 3598 496 3658 est
518 3593 582 3658 nisi
606 3592 750 3660 Hornilia
771 3593 935 3660 lrodierno'
951 3593 1049 3658 istius
1071 3592 1166 3657 vocis
1194 3610 1275 3668 usu,
1302 3591 1343 3656 iu

355 3692 419 3761 qua
441 3667 577 3761 prinum
600 3675 780 3765 Evangelii
809 3678 945 3756 (Matlh.
980 3680 1033 3755 19,
1058 3678 1201 3751 1-12.)
1228 3675 1342 3740 portur

354 3757 473 3836 refert,
506 3779 645 3843 moxque
674 3760 810 3848 singule
842 3765 1049 3844 pertractans
1083 3779 1126 3824 ee
1156 3759 1269 3824 mirum
1302 3760 1343 3826 in

355 3841 483 3907 mudum
506 3842 734 3910 eluditissime
751 3845 898 3928 exponit.
943 3846 981 3910 ln
1008 3844 1067 3908 illa
1090 3845 1270 3930 praecipue
1292 3841 1345 3909 de

354 3919 495 4030 divortio
512 3929 655 4012 ejusque
683 3929 796 3994 causis
824 3928 914 4016 agiu
951 3927 1066 4008 ducet,
1096 3925 1346 3998 matrimonium

229 4107 437 4128 m

278 4242 310 4304 ⁴)
330 4249 403 4303 Orat.
425 4252 568 4324 xltllvll·
588 4253 636 4312 (ol.
656 4255 711 4314 ³1.)
729 4207 966 4316 Constantinopoli
985 4255 1078 4308 latito
1097 4265 1124 4306 a·
1143 4249 1207 4306 380.
1283 4325 1290 4338 ⁶
