2886 4660
163 297 224 362 tat

161 471 249 540 tres,
271 457 537 547 quandoquidem
559 457 624 542 ipsi
642 459 709 539 jam
741 457 899 542 pleraque
929 451 962 520 in
989 457 1060 522 suis
1087 456 1275 542 expositio-

161 549 258 614 nibus
283 545 468 627 proterunt,
490 560 575 628 quae
598 543 800 608 recentiores
822 539 859 606 8.
882 537 1077 626 scripturae
1105 542 1276 627 interpre-

161 641 214 698 tes
250 633 282 695 in
320 630 414 694 libris
444 627 570 692 divinis
598 643 719 712 magno
747 624 942 690 eruditionis
972 632 1133 710 apparato
1162 633 1274 690 semet

161 717 335 782 invenisse
385 713 543 778 loriautur
566 727 606 774 ac
627 709 731 775 veluti
754 728 858 786 noua,
885 709 982 775 novis
1003 710 1122 774 saltem
1143 709 1274 788 verbis,

162 799 338 881 cubibcnt3
357 731 427 863 gS.
452 797 570 861 Patres
592 805 702 860 autem
725 813 768 859 oa
787 794 923 860 tradunt
944 801 1044 880 atque
1072 794 1107 858 iu
1133 796 1273 878 seriptis

162 887 233 952 suis
256 885 474 969 consignant,
498 880 611 966 prorui.
627 880 681 943 uel
706 880 748 943 ab
772 879 944 963 Apostolis
968 885 1025 942 aot
1055 895 1165 943 eorum
1190 895 1274 942 suc-

162 967 352 1035 cessoribus
374 965 496 1032 tradita
518 970 730 1047 acceperunt,
754 963 809 1028 uel
831 969 926 1058 prout
937 980 979 1028 ea
994 961 1153 1027 altissimo
1171 981 1274 1045 prae-

163 1055 222 1118 diti
255 1051 392 1138 ingenio
429 1055 504 1133 post
543 1047 728 1112 diuturnam
760 1046 969 1133 disciplinam
1000 1057 1034 1111 et
1064 1045 1273 1111 indefessam

161 1137 334 1202 multorum
358 1153 514 1200 annorum
537 1129 781 1197 meditationem
804 1132 836 1195 in
860 1129 1062 1216 Scriptnris,
1084 1133 1168 1196 omni
1199 1134 1272 1195 aci·

162 1223 325 1285 cotiarum
348 1235 475 1306 genere
498 1216 611 1280 imbuti
638 1233 678 1280 ac
705 1217 737 1279 in
766 1214 915 1281 doctrina
944 1214 1122 1279 Ecclesiae
1148 1215 1191 1280 ab
1218 1216 1272 1278 in-

161 1305 266 1369 fantia
289 1305 421 1368 enutriti
443 1299 616 1385 solideque
638 1300 787 1365 instructi
810 1309 910 1383 atque
933 1300 1075 1364 maxima
1105 1318 1177 1364 cum
1207 1317 1271 1362 ve-

161 1387 323 1454 recundia
344 1386 387 1450 ad
411 1384 524 1450 divina
545 1384 680 1449 oracula
702 1383 915 1462 accedentes,
937 1384 1118 1467 adjuvante
1139 1401 1272 1467 semper

161 1475 253 1537 viros
274 1478 411 1535 sanctos
433 1468 640 1554 humilesque
662 1465 776 1532 divino
797 1468 921 1553 gratia,
943 1470 996 1552 pio
1018 1469 1127 1532 animo
1148 1485 1269 1532 couce-

162 1561 290 1640 peront.
335 1554 538 1640 linguarum
562 1551 692 1617 cuidem
715 1552 894 1623 hebraicae
915 1561 949 1616 et
978 1553 1175 1638 reliquarum
1203 1552 1273 1616 ori-

162 1639 319 1706 entolium
342 1639 491 1722 plerique
524 1575 592 1703 88.
625 1636 759 1700 Patrom
796 1636 905 1725 ignari
936 1644 1049 1716 eraut3
1080 1637 1142 1701 sed
1174 1637 1272 1701 Nouo

163 1723 379 1789 Testamento
401 1722 511 1806 magis
533 1740 630 1806 quarn
652 1720 769 1786 Veteri
791 1721 991 1804 explicando
1013 1722 1131 1786 intenti
1152 1719 1273 1788 iisdem

163 1809 270 1872 minus
293 1807 500 1894 indigebant,
522 1823 700 1890 earumque
722 1803 888 1870 desectum
911 1805 986 1870 aliis
1008 1804 1125 1870 mediis
1139 1803 1273 1870 abunde

163 1893 443 1978 compensabant3
465 1891 614 1978 linguam
636 1907 717 1955 uero
740 1907 899 1976 graecam
929 1889 1001 1955 tere
1028 1907 1143 1954 omnes
1171 1907 1274 1977 egre·

162 1977 221 2062 gie
243 1982 373 2052 norant,
396 1975 516 2041 Patres
539 1973 660 2039 Graeci
682 1974 782 2040 ctiam
804 1973 921 2040 eaderu
944 1983 1108 2060 tamquam
1131 1972 1212 2039 tiva
1238 1978 1273 2038 et

161 2061 295 2144 propria
313 2059 506 2136 utebantur,
529 2058 679 2166 apprime
700 2057 763 2123 bac
791 2058 922 2124 ratione
954 2058 1066 2124 idonei
1092 2057 1137 2122 ad
1165 2059 1272 2122 inter-

163 2141 357 2224 pretandum
379 2142 510 2207 Novom
532 2142 801 2218 testamentum,
823 2143 867 2208 lio
897 2161 938 2209 ua
961 2146 1086 2228 graeca
1106 2142 1272 2228 conscrip-

162 2233 239 2291 tum.
262 2265 303 2275 -
357 2224 423 2290 Ubi
450 2243 546 2312 porro
573 2226 675 2291 Pater
702 2227 839 2313 aliquis,
870 2161 908 2294 ἔ
937 2225 1132 2312 Scripturae
1162 2227 1271 2292 locum

95 2317 103 2333 '
161 2310 418 2392 interpretatus,
440 2310 615 2396 expressis
644 2311 757 2376 uerbis
788 2311 954 2391 declarat,
982 2329 1117 2376 sensum
1149 2327 1271 2396 propo·

162 2393 261 2458 sitnm
284 2394 326 2458 ab
348 2393 423 2478 ipsa
442 2393 598 2460 Ecclesia
620 2394 715 2462 istius
739 2395 801 2460 loci
825 2397 990 2484 proprium
1006 2394 1161 2477 judicari,
1184 2399 1271 2478 ejus·

162 2479 251 2543 modi
271 2478 500 2564 interpretatio
522 2497 680 2544 summam
702 2481 917 2547 attentionem
940 2487 1096 2554 meretur,
1119 2497 1182 2545 nec
1205 2479 1271 2544 nisi

163 2563 374 2650 grauissimis
395 2561 428 2628 id
477 2562 669 2629 osccntibus
691 2565 874 2631 rationibus
896 2564 940 2629 ab
962 2565 1027 2629 isto
1048 2582 1151 2630 sensu
1174 2580 1272 2628 recc-

163 2649 246 2714 dere
267 2649 355 2712 licet.
379 2687 418 2700 -
448 2581 513 2712 {lbi
535 2647 676 2732 denique
700 2651 912 2714 consentiunt
932 2647 1000 2715 88.
1022 2649 1140 2714 Patres
1162 2647 1272 2712 iuter-

162 2737 335 2816 pretantes
357 2731 395 2794 8.
419 2727 624 2817 Scriptorum
653 2734 686 2796 in
717 2732 818 2797 rebus
845 2733 923 2798 lidei
953 2740 988 2798 et
1015 2749 1153 2807 morum,
1181 2732 1271 2796 sciat

162 2817 346 2897 interpres,
371 2815 485 2880 fasces
514 2832 594 2880 esse
621 2813 864 2882 submittendos
891 2823 926 2882 et
953 2824 1117 2901 tamquam
1144 2821 1270 2880 cerum

162 2897 354 2982 firmamque
376 2898 561 2964 istiusmodi
584 2900 889 2986 interpretationem
912 2901 975 2988 ipsi
989 2919 1068 2969 esse
1080 2897 1269 2966 tenendam.

163 2975 266 3069 (vro.
290 3001 392 3069 snpra
414 2966 451 3057 S.
473 2977 552 3068 ao]
749 2993 753 3002 ·

663 3169 700 3258 S.
718 3187 770 3250 45.

166 3322 383 3387 Corrtr'rnrotio.
422 3323 515 3386 Vnrr'i
537 3323 631 3400 modi,
652 3323 764 3406 quidm
788 3323 851 3388 SS.
876 3323 988 3388 Patres
1012 3323 1047 3388 S.
1062 3323 1273 3407 Scripturas·

527 3417 701 3490 corporatur.
756 3407 905 3475 Catenae.

246 3576 382 3642 Diversi
405 3594 500 3663 porro
523 3576 661 3663 generis
683 3582 762 3641 stunt
782 3572 894 3662 Opera
915 3577 1095 3663 exegetica
1116 3571 1185 3639 88.
1211 3573 1274 3637 Ρι·

163 3663 246 3722 trum
269 3677 326 3739 pro
348 3659 483 3726 diverso
506 3659 588 3737 bne,
615 3661 670 3744 qui
694 3659 847 3726 Patribus
869 3658 908 3726 S.
932 3659 1138 3744 Scriptorum
1165 3659 1272 3722 inter-

162 3741 369 3821 protantibos
392 3745 432 3809 ob
454 3744 568 3810 oculos
590 3745 801 3810 versabatur.
825 3742 936 3823 Quare
958 3739 1071 3827 llpera
1092 3743 1159 3808 ista
1180 3752 1272 3805 cotu-

163 3821 260 3886 modo
292 3823 325 3887 in
359 3832 429 3892 tres
462 3829 595 3892 classes
632 3824 736 3890 diuidi
772 3835 928 3908 possunt,
967 3845 1104 3911 quarum
1132 3824 1272 3912 prinam

164 3907 366 3971 constituunt
386 3907 640 3984 Commentario,
663 3909 802 3975 alteram
824 3910 999 3989 Heminae,
1021 3912 1153 3977 tertiam
1175 3907 1274 3974 dani·

163 4005 228 4140 guo
249 3988 406 4086 diuersae
427 3992 690 4087 lucubrationes,
712 4009 798 4078 quae
817 3996 951 4094 nonnisi
972 3999 1087 4079 partes
1109 3991 1271 4080 quasdam

192 4119 201 4140 .
225 4071 420 4160 Scrrpturae
441 4095 506 4142 non
528 4082 685 4141 continua
706 4086 915 4163 expositione
936 4079 1114 4144 illustrant.

249 4159 482 4224 Commentario
503 4178 638 4227 sensum
660 4162 762 4228 totius
789 4161 865 4228 libri
892 4162 931 4228 S.
954 4161 1151 4250 Scripturas
1180 4157 1270 4224 serie

162 4242 317 4309 continua
338 4241 498 4314 exhibent
524 4250 624 4333 atque
653 4243 840 4338 illustrentp
870 4245 957 4315 baec
982 4255 1064 4314 ante
1096 4243 1271 4312 naculum
