2948 4662
195 303 260 370 990

197 468 420 555 accepissent,
446 485 517 532 cum
540 465 694 534 Ecclesia
715 466 747 532 in
771 464 908 532 articulo
932 465 1046 532 mortis
1069 461 1307 532 reconciliandi

199 555 281 706 tte
307 549 797 720 ttt‘tttdttttlt
808 549 1308 730 ¹tlttl1¹⁰lltl¹tttttt

199 723 321 791 acriter
344 719 574 804 reprehendit,
603 720 719 804 eisque
747 738 834 783 rrmnr
863 715 1117 782 mansuetudine
1147 717 1310 797 ostendit,

200 825 265 893 utra
289 806 417 870 ratione
439 822 498 887 pro
525 809 617 868 tunto
650 803 772 868 delicto
801 802 913 867 debite
946 801 1147 867 satisfecere
1169 819 1211 868 ec
1233 801 1309 868 Deo

199 899 234 956 et
257 889 434 954 Ecclesiae
456 887 490 952 di
519 906 561 952 ne
581 881 785 952 reconciliari
803 887 933 971 possint
947 881 1124 974 (epti.)
1138 925 1180 936 -
1202 886 1311 952 Prae-

198 987 293 1040 terea
317 981 381 1038 tam
405 970 447 1037 ad
471 907 599 1057 pirenem
621 990 733 1044 suam,
767 989 862 1056 quarn
890 969 932 1036 ad
966 971 1090 1035 clerium
1113 969 1311 1048 Romanum,

199 1058 298 1125 etad
323 1057 508 1142 Episcopos
534 1055 669 1120 Africae
691 1061 791 1139 atque
813 1056 913 1120 etiam
935 1051 977 1118 ad
1001 1055 1167 1120 ecclesias
1194 1062 1311 1120 extre·
1420 1059 1428 1069 '

198 1161 281 1208 neas
305 1140 495 1225 frequenter
516 1141 632 1204 literas
656 1139 759 1214 misit,
792 1145 827 1203 ut
851 1137 986 1205 decreta
1010 1138 1077 1202 ista
1097 1139 1198 1203 robur
1219 1157 1307 1204 nan·

199 1227 421 1300 cisnerentur,
444 1231 479 1289 ut
501 1225 599 1312 vigor
622 1223 820 1309 disciplinae
849 1221 1103 1289 ecclesiasticae
1126 1224 1169 1288 de
1203 1223 1308 1309 lapsis

199 1311 321 1394 ubique
350 1308 490 1374 illaesus
522 1314 800 1387 conservaretur,
830 1315 865 1371 et
894 1308 1055 1372 communi
1085 1306 1223 1372 consilio
1255 1327 1312 1374 res

203 1393 288 1460 tenti
310 1393 464 1458 momenti
489 1392 531 1458 ad
555 1391 686 1458 felicem
708 1393 829 1458 exitum
854 1388 1092 1476 perduceretur
1118 1392 1162 1470 ¹³).

288 1501 497 1570 Postmodum
534 1521 614 1570 vero
649 1503 849 1588 disciplinae
885 1502 1140 1568 ecclesiasticae
1168 1504 1314 1586 rigorem

202 1588 420 1676 mitigandum
444 1605 523 1652 esse
544 1589 675 1652 censuit
700 1606 756 1669 pro
780 1589 840 1665 iis,
864 1587 918 1669 rpui
943 1592 1017 1668 post
1040 1585 1226 1652 diuturnam
1250 1587 1313 1653 de-

203 1693 287 1740 mum
309 1679 542 1738 tormentorum
566 1673 813 1757 perpessionem
837 1671 922 1753 lapsi
946 1672 1077 1735 tuerent
1099 1678 1134 1736 et
1166 1672 1220 1736 diu
1250 1672 1315 1736 ab·

74 1777 77 1784 ·
201 1758 278 1824 hine
309 1757 542 1840 poeniteutiam
573 1764 721 1852 egerant·
747 1751 831 1844 (cp.
861 1750 966 1841 53.)ς
1000 1756 1136 1839 insuper
1164 1754 1313 1821 Concilio

202 1849 412 1928 congregato
434 1839 601 1914 decrevit,
630 1859 777 1924 proxume
798 1841 945 1904 instante
968 1857 1056 1904 nove
1079 1843 1314 1925 persecutione

202 1929 371 2002 omnibus,
393 1925 447 2022 qui
470 1927 502 1989 in
526 1924 634 2010 priore
657 1919 808 2012 (Decii)
833 1922 1061 2007 persecutione
1084 1923 1215 1988 inerant
1237 1925 1314 2009 lup-

203 2011 252 2085 εἰ,
281 2018 316 2076 et
338 2009 459 2073 abhinc
480 2009 602 2073 serium
628 2008 863 2093 poenitentiam
885 2013 1044 2094 egerunt,
1072 2006 1315 2094 indulgentiam

205 2095 401 2182 generalem
424 2111 502 2158 esse
524 2091 772 2158 concedendam
795 2089 817 2178 (
820 2111 872 2177 ep.
896 2088 987 2179 54).

291 2203 333 2268 V.
357 2203 489 2268 Deinde
513 2203 727 2289 presbyteros
751 2203 925 2269 nonnullus
952 2210 988 2270 et
1016 2203 1121 2268 laicos
1148 2201 1316 2270 ecclesiae

205 2308 300 2366 suae,
321 2288 508 2353 sceleribus
531 2286 653 2353 dudum
676 2287 928 2366 contaminatos,
950 2288 1004 2374 qui
1027 2287 1089 2353 hae
1112 2295 1246 2371 arrepta
1260 2307 1315 2352 oe-

208 2375 345 2440 eusinne
373 2373 475 2436 litium
506 2371 548 2436 de
578 2373 683 2457 lapsis
713 2372 915 2457 recipiendis
949 2391 990 2438 eo
1021 2389 1125 2456 usque
1154 2370 1318 2437 errduciae

207 2457 426 2533 devenerant,
449 2467 485 2520 ut
502 2456 687 2522 Ecclesiam
711 2457 904 2521 scinderent
926 2464 960 2520 et
982 2457 1014 2520 in
1037 2462 1186 2540 apertum
1208 2456 1316 2522 schis-

184 2562 261 2608 ma
284 2548 545 2626 prorumperent,
569 2549 603 2606 ut
625 2540 797 2605 calumniis
821 2539 859 2606 S.
883 2539 1084 2625 Cyprianum
1109 2545 1262 2625 peterent
1283 2547 1319 2606 et

205 2626 528 2713 pseudoepiscopum
551 2625 615 2690 sibi
638 2622 846 2710 Carthagine
868 2626 1109 2690 constituerent
1136 2621 1235 2712 (vio.
1257 2645 1319 2689 su-

206 2730 267 2797 pra
289 2693 325 2783 §-
349 2704 447 2795 88.],
469 2729 491 2772 a
514 2709 740 2772 communione
762 2709 997 2774 ecclesiastica
1019 2709 1184 2786 exclusit,
1206 2727 1318 2774 eorum

206 2794 335 2878 flagitia
369 2809 575 2876 poenamque
610 2791 767 2854 indictam
799 2792 875 2858 aliis
911 2793 1088 2874 ecclesiis,
1124 2793 1318 2878 praesertim

207 2878 357 2943 Romano
386 2874 554 2948 Pontifici,
584 2873 812 2950 denuntiavit,
844 2875 1037 2942 schismatis
1067 2876 1253 2965 generatim
1283 2881 1319 2940 et

208 2963 343 3026 istorum
366 2957 399 3021 in
421 2961 537 3039 specie
558 2957 841 3023 schismaticorum
864 2971 989 3045 qurenta
1009 2961 1055 3025 sit
1084 2963 1231 3039 malitie,
1259 2978 1319 3025 ac-

208 3040 543 3204 grtnffitdssfripsit,
572 3060 612 3106 ne
635 3043 722 3106 omni
746 3043 842 3109 medo
864 3044 1011 3112 schisma
1032 3047 1115 3111 illud
1140 3046 1320 3132 reprimere

293 3237 353 3303 Vl.
390 3238 491 3303 Porro
520 3258 591 3304 curn
617 3239 741 3303 Rornae
773 3243 846 3303 orta
874 3247 969 3306 esset
997 3239 1166 3308 dissensio
1194 3239 1227 3306 in
1256 3237 1322 3307 eli-

210 3322 323 3412 gendo
353 3341 479 3388 summo
504 3322 677 3397 pontifice,
709 3328 744 3388 et
773 3323 895 3404 primus
920 3325 1087 3410 Antipepa
1117 3323 1321 3390 Nucerinum

210 3429 233 3474 a
261 3405 455 3495 quibusdum
487 3407 686 3471 constitutus
717 3412 830 3482 esset,
864 3409 917 3492 qui
948 3410 1047 3474 etiam
1080 3408 1178 3474 nimio
1206 3409 1322 3493 rigore

212 3511 298 3580 erga
319 3493 437 3578 lapsos
459 3510 540 3556 usus
562 3488 697 3555 eosdem
722 3490 753 3555 iu
778 3500 970 3576 perpetuum
989 3491 1214 3560 abEcclesiae
1230 3509 1322 3556 com-

266 3815 295 3872 *l
313 3818 372 3867 lluc
391 3819 533 3878 pertinent
551 3830 595 3879 ep·
618 3820 660 3869 tl.
681 3815 725 3876 (ad
741 3819 849 3879 plebem
863 3815 962 3877 sunm),
981 3831 1024 3881 ep.
1047 3815 1089 3868 19.
1113 3815 1165 3876 (cl.
1185 3827 1230 3880 ep.
1254 3810 1323 3878 18·),

318 3900 363 3948 ep.
382 3887 427 3937 22.
448 3893 477 3936 et
500 3885 544 3940 29.
572 3885 627 3950 (ct.
648 3901 693 3949 ep.
712 3887 756 3938 30.
786 3894 815 3937 et
832 3887 897 3950 tt„
926 3891 1025 3952 quinus
1049 3888 1175 3938 eoeleste
1202 3888 1325 3936 Romana
1429 3915 1436 3930 .

226 3969 233 3976 ·
318 3959 349 4006 8.
369 3955 501 4018 cypriani
519 3959 685 4008 sententiam
705 3957 820 4019 tuetur),
839 3971 884 4018 ep.
903 3959 948 4012 32.
968 3963 996 4008 et
1015 3955 1059 4009 59.
1079 3959 1129 4014 (ex
1147 3961 1256 4020 parte),
1275 3967 1321 4018 ep.

317 4023 364 4078 64.
383 4033 412 4075 et
430 4025 475 4078 68.
493 4026 576 4091 (quae
596 4031 665 4078 duae
685 4030 821 4090 epistolae
841 4033 927 4092 egunt
946 4032 981 4080 de
1000 4030 1162 4093 quibusdem
1179 4027 1325 4090 Eplseupls

322 4099 350 4147 in
371 4103 562 4158 perseeutione
581 4095 693 4158 lapsts).
1383 4095 1386 4102 ‘

247 4190 297 4253 **)
317 4193 431 4317 Epolol&
457 4191 513 4258 (ct.
533 4209 577 4259 ep·
596 4192 680 4258 39),
700 4207 744 4257 ep.
764 4193 810 4248 40.
831 4198 861 4246 et
877 4193 923 4248 to.
943 4191 992 4257 (ex
1010 4193 1121 4262 name),
1150 4205 1195 4257 ep·
1213 4187 1259 4243 49.
1278 4191 1324 4242 55.

322 4279 337 4314 e
405 4300 412 4314 .
