2880 4660
271 875 615 968 colluctantia
651 876 775 968 tulta
808 873 1074 978 almitate,

549 1258 727 1356 caput
753 1255 800 1339 1.

415 1475 475 1549 De
503 1474 674 1552 Patribus
701 1475 941 1577 Apostoliois

618 1767 653 1860 S.
682 1787 734 1850 54.

122 1921 174 1986 De
194 1920 348 1986 Patricos
370 1921 568 2006 Apostottcr'a
597 1946 637 1986 uc
665 1923 914 1986 declarantem
939 1921 1074 2004 Operum
1097 1921 1136 1984 ob
1162 1919 1230 1983 r'ttr'r

405 2015 635 2069 ‘exoratorem
656 2007 846 2092 generatim.

204 2174 325 2242 Patres
337 2170 525 2255 Apostolici
546 2180 709 2240 vocantur
730 2174 778 2240 illi
793 2171 913 2241 Sancti
927 2174 1059 2252 Patres,
1081 2171 1137 2256 qui
1158 2189 1235 2236 cum-

123 2259 298 2342 Apnstolis
319 2255 431 2323 adhuc
454 2259 645 2324 conversati
667 2277 823 2324 eorumve
848 2257 1003 2344 discipuli
1025 2257 1104 2322 lacti
1117 2273 1228 2320 eorum

122 2341 304 2408 doctrinam
325 2361 440 2426 puram
462 2341 691 2440 integramque
712 2343 746 2407 in
769 2343 836 2409 scri
860 2344 905 2408 tis
926 2343 998 2408 suis
1019 2340 1089 2407 orbi
1103 2339 1230 2406 christi·

122 2445 189 2493 auo
209 2425 428 2493 tradiderunt
455 2425 580 2492 Horum
603 2427 659 2492 alui
681 2428 796 2511 primo,
818 2427 875 2490 nii
896 2422 1230 2492 secundoEcelesiae

124 2511 264 2577 saeculo
286 2511 470 2576 floruerunt.
515 2509 582 2575 Alii
603 2509 686 2577 citra
710 2509 842 2575 dubium
854 2509 1010 2575 Patribus
1029 2504 1232 2588 Apostolicis

126 2599 364 2673 accensentur,
393 2599 426 2658 ut
447 2592 485 2660 S.
509 2593 666 2661 Clemens
687 2595 876 2669 Romanus,
898 2589 937 2657 8.
960 2589 1115 2678 Ignatius
1136 2594 1170 2652 ct
1192 2583 1230 2652 S.

124 2678 351 2766 Polycarpus;
372 2677 446 2744 aliis
467 2679 599 2745 nonnisi
622 2678 742 2745 dubius
776 2678 863 2743 iuter
890 2675 966 2742 illos
993 2676 1086 2740 locus
1114 2671 1231 2756 assig-

124 2761 200 2827 nari
221 2767 348 2847 potest,
370 2763 552 2845 cujusmodi
574 2769 653 2829 sunt
674 2763 712 2829 S.
736 2761 932 2840 Barnabas,
953 2758 991 2826 S.
1022 2757 1166 2824 Hermas
1196 2760 1230 2820 et
1281 2839 1284 2846 .
1387 2799 1391 2808 .
1432 2707 1433 2730 ἦ

126 2845 254 2910 Auctor
274 2863 459 2942 anonymus
488 2847 653 2930 epistolae
680 2847 722 2913 su
754 2847 976 2935 Diognetum
1003 2842 1145 2991 denippue
1175 2838 1232 2904 alii

125 2929 215 2994 salso
237 2947 366 2995 omuunn
387 2931 421 2995 in
443 2930 531 2996 huuc
554 2930 701 2998 ordinem
722 2931 820 2996 relati
841 2935 935 3010 sunt,
958 2934 994 2994 ut
1015 2925 1054 2993 S.

125 3033 165 3079 us
187 3013 405 3104 Areopagita.
450 3013 513 3080 lsti
534 3033 615 3082 vero
637 3016 757 3082 Patres
779 3021 847 3082 tam
870 3010 1112 3100 praedicando,
1134 3011 1231 3096 cunm

125 3098 303 3164 scribendo
326 3099 485 3188 uestigiis
507 3100 759 3186 Apostolorum,
782 3117 917 3184 quorum
940 3095 1091 3163 doctrina
1112 3095 1145 3159 iu
1169 3091 1232 3156 tide

126 3179 316 3250 Christiana
337 3183 467 3262 imbuti,
491 3203 625 3270 quornm
648 3182 811 3268 exemplis
834 3181 877 3248 orl
899 3180 997 3248 tidem
1014 3179 1138 3246 Christi
1160 3194 1233 3261 pro·

129 3265 317 3351 pagoniam
340 3272 375 3333 et
396 3268 652 3335 counrmouuam
674 3267 842 3334 informati
863 3272 969 3341 erant,
984 3282 1118 3349 quorum
1137 3262 1233 3342 Jussu

128 3356 165 3414 et
185 3349 390 3417 ordinatione
413 3351 555 3418 docendi
578 3371 697 3418 munus
718 3370 818 3418 susce
843 3357 955 3426 eraut,
978 3355 1119 3431 quorum·
1137 3343 1233 3436 deni·

126 3371 1234 3605 louriueuleuaccelerataeoraru

126 3603 282 3688 Apostoli
304 3621 384 3668 vero
406 3603 590 3670 relationes
613 3603 787 3669 historicus
800 3604 1065 3688 composuerant,
1078 3611 1236 3681 praecep-

126 3691 160 3750 ls
179 3685 258 3752 ndei
281 3705 323 3753 ac
346 3689 543 3771 praesertim
557 3707 689 3764 ,morum
711 3688 816 3754 literis
839 3707 882 3753 ex
904 3685 1080 3752 occasione
1093 3680 1138 3748 ad
1153 3679 1235 3746 nte·

126 3771 178 3836 les
199 3769 289 3836 dotis
311 3771 581 3850 inculcaverant,
603 3773 680 3840 deni
703 3791 745 3837 uc
768 3791 853 3838 uuus
874 3769 993 3836 saltem
1017 3767 1164 3833 visiones
1194 3764 1236 3830 dc

126 3853 216 3919 statu
237 3855 416 3923 Ecclesiae
440 3857 609 3943 praesenti
630 3864 665 3924 et
683 3793 795 3922 ⁴iuturo
807 3856 1079 3943 consignaverat.
1109 3850 1237 3946 Eadem

127 3955 227 4085 porro
249 3941 443 4028 scriptionis
465 3958 595 4028 genera
616 3942 703 4029 apud
716 3941 836 4007 Patres
854 3937 1068 4027 apostolicos
1090 3949 1238 4020 reperire

141 4028 215 4087 icet.
261 4023 430 4105 Quantum
456 4027 499 4090 acl
522 4043 630 4108 genus
653 4027 787 4112 primum
811 4024 1036 4111 antiquissimu
1055 4023 1123 4104 jam
1153 4026 1238 4082 tem-

1111 2925 1232 3008 ionysi·
1333 2959 1334 2964 κ

127 4124 206 4188 pore
243 4114 422 4194 martyrum
457 4129 627 4198 generoso
665 4109 862 4187 certamina,
908 4110 1028 4194 quibus
1068 4095 1239 4170 certificari
1341 4115 1343 4120 ·

125 4189 257 4276 fideles,
289 4200 389 4278 atquc
419 4192 462 4258 ad
494 4194 556 4262 llei
587 4194 704 4260 laudes
727 4201 759 4261 et
783 4193 985 4260 adsimilem
1012 4184 1239 4253 tortitudinem
