2886 4660
103 510 180 577 ordo
203 508 470 592 cbronoiopieus
492 511 707 597 epistolarum
731 509 864 592 pendet,
886 511 960 578 sine
982 533 1046 598 qno
1063 513 1143 579 illae
1159 515 1215 578 uix

104 605 156 660 aui
176 615 219 660 ne
243 595 303 659 vix
328 594 463 678 quidem
485 595 628 682 intelligi
652 601 784 680 queunt.
799 635 841 646 -
862 596 1002 663 Praeter
1024 598 1109 664 banc
1131 618 1217 680 cog-

103 679 256 745 nitionem
279 685 500 745 externarum
522 681 613 745 ritae
637 679 767 744 barrum
790 683 983 746 relationum
1006 685 1103 748 eiiam
1129 685 1218 747 noii-

104 769 146 830 iia
169 763 455 841 lucubrationum,
483 781 567 850 quas
602 763 649 828 illi
674 765 893 850 reliquerunt,
923 767 1079 848 exigitur.
1123 767 1217 832 llaec

106 869 209 934 porro.
230 855 416 931 uniloquam
439 849 543 933 ipsum
567 849 807 936 aggrediamur
829 850 1016 928 lectionem,
1038 870 1097 916 nos
1120 852 1217 924 insti-

107 942 185 1012 tuet,
204 951 291 1018 puae
314 933 445 1016 scripta
465 934 589 1020 singuli
615 938 732 998 Patras
754 936 979 1003 exoraverint.
1002 953 1064 1020 qun
1087 937 1218 1001 occasi-

111 1037 180 1090 one,
200 1037 261 1102 quo
284 1017 442 1095 consilio,
463 1036 530 1104 qua
552 1018 716 1095 methodo,
749 1025 783 1082 ei
806 1038 941 1103 cruorum
965 1021 1122 1085 lectorum
1145 1019 1219 1084 usai

110 1100 289 1167 coluerint
315 1108 471 1176 exoratu,
494 1119 558 1186 quo
580 1105 716 1186 insuper
737 1105 1096 1187 riiuesuueiempore‚
1114 1111 1219 1170 uirum

110 1187 206 1272 prima
229 1191 359 1260 aetate,
384 1205 427 1251 un
448 1196 578 1251 matura
599 1193 774 1253 senectute
796 1188 949 1253 eoniecin
965 1189 1097 1265 suerint,
1115 1194 1219 1254 atrum

110 1271 306 1354 parotium,
331 1287 378 1334 an
400 1271 518 1354 raptim
539 1271 779 1358 festinantique
801 1273 929 1338 calamo
953 1275 1143 1357 conscripta
1165 1272 1220 1336 rel

112 1356 205 1419 citam
243 1362 464 1438 exceptorum
501 1356 591 1440 stylo
623 1364 799 1440 utrumqne
828 1357 1045 1444 consignata,
1080 1355 1222 1444 deniqne

112 1447 210 1503 uirum
232 1439 374 1524 integra
396 1445 429 1504 ei
450 1439 483 1504 in
506 1438 612 1505 forma
634 1441 815 1528 originaria
837 1447 981 1506 aetatem
1012 1441 1162 1522 inierint,
1184 1451 1220 1505 ei

113 1541 265 1606 quaenam
288 1525 381 1588 torte
401 1524 524 1589 suerint
545 1524 729 1610 deperdita.
752 1526 784 1598 ⁴)
833 1525 928 1592 llaec
955 1529 1063 1591 omnia
1090 1534 1125 1592 et
1154 1525 1221 1590 alia

116 1607 289 1688 hujusmodi
313 1607 547 1693 suppeditabit
573 1611 689 1676 notitia
717 1610 809 1675 vitae
832 1607 1040 1696 operumque
1062 1607 1128 1678 SS.
1152 1609 1221 1674 Pa-

114 1699 205 1764 irum.
228 1711 331 1777 rpunm
356 1693 448 1758 brevi
471 1703 652 1778 conspectu
675 1695 810 1760 exhibet
831 1694 1029 1782 Patrnlogia
1050 1693 1220 1780 specialis.

116 1779 227 1864 Longe
247 1783 361 1842 tamen
387 1777 494 1843 fusius
516 1783 550 1842 et
571 1779 760 1844 accuratius
782 1777 867 1843 idem
889 1786 1119 1864 argumentum
1143 1797 1222 1863 pro·
1282 1826 1301 1849 ·.

115 1863 213 1926 secuti
234 1872 316 1926 sunt
340 1871 493 1928 auctores
515 1861 686 1929 Historiae
708 1863 876 1928 literariae
892 1861 1097 1946 Scriptorum
1111 1862 1222 1928 ecele-

117 1945 335 2022 siasticorum,
370 1965 505 2032 quorum
528 1947 604 2012 ideo
627 1947 795 2034 praecipui
818 1945 871 2011 hie
894 1946 1096 2012 memorandi
1125 1947 1223 2012 veni·

117 2035 180 2092 uni.
200 2032 251 2103 ”i
296 2031 491 2096 Recentiori
515 2049 600 2098 aero
623 2032 745 2117 primus
764 2030 865 2097 Carti.
888 2031 930 2096 R.
947 2030 1169 2096 Bellarminus
1188 2032 1221 2096 in

117 2111 221 2197 iipere
241 2114 461 2181 celeberrimo
483 2114 773 2203 descriptoribus
795 2115 1035 2182 ecclesiasticis
1056 2117 1127 2192 ’'*i
1150 2115 1223 2182 sin·

118 2198 261 2280 gaiorum
284 2201 420 2266 Petrum
443 2199 531 2266 uitas
554 2204 669 2288 paucis
691 2201 884 2277 delineavit,
901 2200 1014 2288 Opera
1036 2219 1116 2268 vero
1138 2219 1222 2266 non·-

118 2281 191 2347 nibil
213 2284 347 2351 uberius
371 2285 548 2362 recensuit,
569 2305 728 2372 srrnmrpue
751 2287 793 2352 de
816 2287 882 2352 illis
905 2286 1034 2351 addidit
1050 2286 1235 2368 judiciam,¹

119 2385 202 2450 quae
223 2370 256 2432 in
277 2369 344 2435 illis
360 2371 435 2452 jnre
458 2369 657 2457 reprehendi
680 2372 818 2456 possint,
841 2373 995 2437 innuens.
1027 2367 1120 2456 (lpus
1140 2371 1220 2435 iliud

119 2451 324 2534 praeclarum
345 2454 453 2520 multis
467 2455 672 2537 postmodum
685 2454 945 2528 accessionibus,
964 2453 1222 2518 correctionibus

124 2540 159 2596 ei
178 2535 447 2604 illustrationibus
469 2539 686 2618 locupletarit
708 2538 791 2603 l‘bil.
815 2539 932 2604 babbe
955 2540 987 2601 in
1010 2556 1072 2602 suo
1093 2537 1225 2602 Disser-

125 2623 250 2684 tattone
271 2619 468 2710 philologieis
488 2631 524 2690 et
546 2622 715 2688 bistoricn.
738 2627 771 2701 †)

127 2793 326 2808 m

173 2896 200 2962 *l
219 2905 258 2955 lie
283 2906 418 2970 operibus
441 2909 488 2958 SE.
510 2909 620 2960 Petrum
646 2911 798 2972 deperditis
821 2904 957 2973 hujusque
980 2904 1107 2972 jacturae
1133 2913 1224 2960 causis

221 2975 310 3026 iustus
335 2983 438 3042 agunt,
461 2987 494 3028 nc
519 2991 604 3040 opera
622 2982 765 3042 deperdito
784 2983 843 3031 iere
868 2987 973 3041 omnia,
1004 2993 1114 3042 quorum
1135 2985 1223 3032 adbuc

222 3051 299 3096 extat
317 3048 415 3098 saltem
434 3055 583 3108 memoria,
603 3053 766 3112 singiliatim
787 3067 821 3100 ex
838 3053 934 3100 ordine
954 3056 1102 3112 temporum
1122 3065 1223 3102 reeen-

222 3121 432 3240 sgntbils'cr‘tgps
449 3131 466 3168 a
478 3121 513 3239 ἒ.
525 3120 586 3240 '1³3⁸
596 3122 731 3242 Pntgoiog.
744 3124 776 3171 Ρ.
789 3123 838 3172 iii.
857 3131 882 3170 c·
899 3119 927 3172 ὃ.
946 3127 975 3169 ei
992 3119 1019 3170 b.
1040 3125 1103 3171 ein.
1115 3125 1223 3173 scillei-

223 3197 356 3239 certa
412 3203 510 3253 og..
570 3203 669 3240 .c..

161 3277 204 3344 ⁸*l
220 3287 288 3336 sunt
307 3289 335 3337 ei
353 3291 405 3340 aiii
423 3303 501 3352 quam
521 3278 649 3353 plurtm'i,
675 3291 720 3354 qui
739 3287 1022 3339 Commentailunibus
1046 3291 1080 3338 de
1104 3291 1223 3352 singuiis

224 3357 270 3406 Ss.
286 3357 415 3410 Patribus
433 3365 460 3409 in
481 3363 571 3412 lucem
590 3363 698 3411 emissis
717 3372 812 3409 eorum
828 3362 912 3408 vitam
932 3363 961 3406 et
977 3361 1082 3420 scripio
1100 3361 1224 3410 iliustra-

223 3431 302 3489 rnut;
328 3431 378 3480 seri
404 3431 432 3480 bi
451 3435 543 3493 aptius
561 3435 672 3481 omuino
690 3431 886 3493 proferentur,
911 3429 959 3478 ubi
983 3431 1017 3476 de
1035 3431 1155 3489 singuiis
1173 3433 1224 3479 Ρι-

222 3499 312 3548 iribus
329 3502 433 3550 mentio
451 3505 588 3551 recurret·
625 3501 694 3560 Alii,
714 3503 760 3565 qui
778 3501 960 3550 collectiones
977 3511 1088 3560 operum
1106 3502 1155 3549 ss.
1172 3503 1225 3549 bn-

224 3569 295 3617 trum
315 3571 515 3633 instituerunt,
541 3575 569 3623 in
588 3571 795 3634 Prolegomeuis
814 3575 848 3621 de
867 3582 962 3620 eorum
982 3571 1041 3620 utin
1059 3573 1225 3634 scriptisque

221 3639 430 3706 disseruerunt5
449 3643 544 3694 borum
561 3653 646 3705 opero
664 3645 788 3692 meritam
807 3641 881 3690 ieret
900 3642 1026 3706 taudem,
1045 3643 1092 3692 ubi
1111 3645 1145 3692 de
1163 3646 1225 3693 istis

221 3707 444 3762 collectionibus
463 3717 519 3764 orii
536 3723 638 3764 sorno.

141 3798 204 3866 *iil
222 3807 256 3860 c.
276 3809 441 3862 miramur
459 3814 533 3864 uum
550 3815 584 3862 us
595 3811 785 3873 scriptoribus
801 3813 1013 3862 nocturnum.
1031 3811 1132 3860 nonae
1148 3809 1224 3862 ruis.

223 3883 253 3930 in
271 3875 339 3940 db,
364 3887 394 3932 et
412 3895 480 3934 uura
502 3884 532 3932 J·
549 3885 687 3934 §iracundi
712 3883 803 3932 Paris·
825 3879 903 3932 toto.
928 3884 957 3930 in
975 3879 1024 3932 it.
1049 3889 1078 3931 et
1094 3895 1171 3944 saep.
1192 3901 1224 3912 -

223 3949 300 4011 opus
318 3952 368 4002 boe
386 3949 422 4004 ib
444 3965 576 4004 annorum
600 3953 721 4004 lectione
748 3955 931 4014 comparatum
956 3957 1016 4016 est,
1044 3957 1076 4002 ut
1101 3957 1141 4002 nit
1168 3955 1226 4014 ipse

225 4021 360 4070 hilara.
379 4024 461 4073 initio
479 4025 603 4074 Prasiai.
622 4027 651 4074 in
670 4026 743 4074 buno
762 4025 871 4074 librum.

173 4107 204 4171 'il
221 4117 271 4166 Pb·
291 4117 398 4170 labbei
416 4119 583 4172 Dissertatio
601 4121 766 4184 pniioiogiea
790 4123 819 4170 ei
837 4121 970 4170 bistoricit
989 4123 1022 4170 do
1040 4117 1227 4179 scriptoribus

225 4189 440 4242 ecciesiasticis.
458 4191 547 4243 Paris.
569 4188 648 4242 ititib.
684 4191 710 4240 ii
729 4191 806 4241 nom.
826 4192 853 4240 in
873 4189 920 4241 8⁰.
951 4189 1021 4252 Quid
1041 4193 1070 4239 iu
1089 4183 1226 4242 nooope-
1286 4237 1289 4244 ,

225 4267 257 4306 re
283 4263 474 4322 praestiterit,
500 4267 560 4324 ipse
585 4263 690 4312 inritent
714 4263 741 4310 in
762 4259 939 4310 tractatione
958 4260 1052 4332 eidem·
1066 4255 1225 4316 praemissa.

225 4327 379 4390 utrumque
397 4330 471 4392 opus
488 4332 651 4384 bellarmini
669 4339 698 4382 et
715 4331 819 4382 babbei
837 4329 1024 4392 percommodo
1039 4323 1165 4396 puuctum
1184 4321 1228 4371 in-
