2886 4660
1212 301 1272 366 10⁵

841 433 850 452 ι
1285 424 1298 454 ἱ

156 473 193 534 et
221 463 436 552 perspicuam
460 465 715 551 uniuscujusque
744 464 866 532 aetatis
889 467 1066 556 imaginem
1092 468 1276 546 delineare,

157 553 269 618 tarmen
301 557 474 616 matuatus
505 550 614 616 inierit.
645 591 687 603 -
730 550 912 618 Praeterea
932 563 1090 620 externas
1119 555 1274 640 temporis

161 635 451 710 circumstantias,
481 653 567 720 quae
592 635 625 700 in
655 635 792 700 historia
814 637 1046 705 ecclesiastica
1068 640 1276 723 consignan-

162 731 236 796 tur,
267 739 368 786 nosse
392 719 528 784 muitum
550 739 679 806 quoqne
700 723 869 798 conducit,
901 731 934 786 ut
958 725 1106 790 actiones
1131 723 1275 796 Patrem,

162 825 250 890 uuae
272 809 431 890 spectant
453 803 495 868 nd
519 811 622 874 artem
647 806 868 892 pastoralem,
892 806 954 872 rite
976 807 1206 894 espcndamns
1228 813 1277 872 at-

163 910 232 974 que
253 889 483 956 erreturitatem
506 887 639 954 Patrem
663 889 694 954 in
708 889 898 978 Theologia
915 893 1080 957 Pastoraii
1104 901 1196 958 recte
1217 909 1275 956 se-

166 993 313 1060 quamur.
335 1013 376 1026 -
408 971 560 1057 Denique
582 981 617 1038 ut
638 972 765 1058 scripta
784 973 851 1040 SS.
866 975 1001 1046 Patriam
1021 977 1054 1041 in
1078 977 1176 1042 rebus
1199 973 1277 1040 ndei

167 1067 260 1124 reete
282 1058 447 1143 pleneque
470 1057 719 1144 intelligamus,
747 1077 926 1125 noscamus
954 1067 1085 1144 oportet
1111 1059 1276 1126 aduersa-

164 1145 234 1207 rins
257 1142 344 1217 ndei,
367 1150 578 1224 cuntrarpros
600 1141 728 1207 directa
748 1150 825 1208 sunt
848 1144 906 1209 iiia
928 1147 1063 1231 scripta,
1077 1154 1112 1211 ct
1133 1163 1276 1216 errores,

164 1245 249 1312 quos
271 1225 319 1291 iiii
341 1225 521 1312 divulgare
543 1225 652 1292 adnisi
673 1237 762 1290 sunt.
810 1226 1008 1296 Sanctorum
1032 1231 1164 1295 Patrnm
1189 1229 1274 1294 enirn

162 1331 293 1376 stimma
315 1315 489 1374 conamina
511 1309 771 1388 cotendchant,
801 1318 836 1376 nt
866 1311 958 1390 idos,
989 1315 1043 1400 qrri
1065 1313 1143 1380 hdei
1175 1331 1276 1398 parrae

165 1403 345 1479 rectaeque
367 1395 591 1480 integritatem
615 1396 780 1460 erroribus
803 1395 959 1463 admixtis
980 1407 1186 1484 pervertere,
1200 1398 1277 1461 sire

165 1479 332 1544 sinendum
355 1479 493 1544 unitatis
521 1485 556 1544 et
583 1481 733 1546 caritatis
760 1479 966 1568 disrumpere
992 1482 1190 1557 studebunt,
1220 1482 1274 1546 rei

167 1563 212 1628 ad
242 1565 375 1630 saniora
403 1563 546 1630 corrsilia
573 1563 792 1642 reducerent,
826 1567 879 1630 rei
911 1585 1022 1632 eornm
1058 1566 1213 1633 inducias
1241 1573 1277 1629 et

167 1647 410 1735 malignitatem
445 1648 647 1736 detegerent
677 1651 1051 1736 argriruentationespue
1077 1660 1113 1718 et
1140 1649 1276 1732 sophis-

165 1741 257 1800 mata
283 1732 496 1798 destruerent
526 1738 584 1798 aut
615 1732 734 1799 fideles
766 1741 883 1800 contra
915 1735 1054 1800 casdem
1087 1733 1277 1821 praemuni-

165 1826 250 1882 rent.
294 1817 339 1882 Ut
360 1835 441 1883 vero
464 1817 626 1899 ejusmodi
648 1819 788 1902 scripta,
811 1837 944 1903 pirorum
968 1819 1090 1904 ingens
1112 1825 1166 1884 est
1193 1815 1277 1880 mui-

166 1901 282 1978 titudo,
305 1909 396 1968 recte
417 1901 659 1989 intelligantur,
683 1903 877 1966 necessaria
898 1911 952 1968 est
970 1912 1126 1967 acenrata
1160 1901 1276 1982 cogni-

166 1987 213 2050 tin
232 2005 379 2052 errorum
402 1994 436 2051 ct
459 1987 618 2051 iaisnrnrm
643 1988 844 2074 dogmatum,
870 2007 957 2074 quae
978 1986 1135 2052 haeretici
1158 1985 1275 2052 deten-

167 2072 307 2150 «iebant,
330 2080 365 2136 et
386 2070 564 2146 rationum,
592 2072 711 2157 quibus
748 2089 880 2138 errores
917 2091 997 2138 suos
1021 2071 1196 2138 adstruere
1219 2088 1277 2134 co·

164 2156 348 2231 nubantur,
375 2155 512 2237 insuper
539 2156 648 2233 uitae,
685 2175 781 2242 qrrarn
810 2155 1068 2224 haeresiarchae
1099 2173 1276 2236 eorumque

166 2247 355 2306 sectatores
377 2239 546 2324 praecipui
569 2241 749 2310 ducebant.
780 2249 879 2328 atque
902 2243 1042 2308 tatarum
1064 2241 1140 2308 sire
1162 2249 1276 2306 enter-

165 2345 282 2390 nururu
304 2325 380 2390 sive
402 2325 601 2390 internorum
623 2325 802 2408 cujuslibet
822 2335 950 2394 sectae.
972 2329 1006 2407 ⁴)

255 2435 472 2502 Consiliorum
495 2455 636 2523 quoque,
658 2457 744 2523 quac
767 2456 931 2525 persaepe
957 2439 1077 2504 Patres
1094 2434 1280 2502 detendunt

171 2528 208 2585 et
229 2519 568 2604 pseudosynodnrum,
592 2540 676 2607 qrras
699 2523 912 2605 impugnant,
941 2523 1090 2587 notitiam
1125 2518 1278 2583 Patruin-

170 2606 255 2683 ,eiae
276 2603 436 2670 studiosis
454 2608 681 2672 necessariam
704 2610 843 2691 praeiret
866 2605 1004 2671 historin
1035 2603 1280 2670 ecclesiastica.

170 2691 216 2756 Et
237 2689 416 2776 praecipue
437 2689 567 2776 quidem
589 2688 673 2756 hace
696 2692 853 2758 historiae
881 2690 1136 2757 ecclesiasticae
1163 2687 1279 2752 notitia

166 2773 345 2860 requiritur
366 2773 397 2837 in
418 2775 554 2859 seriptis
574 2773 643 2840 SS.
666 2775 798 2842 Patrem
830 2775 1001 2862 polemicis
1029 2793 1070 2841 ac
1096 2774 1129 2838 in
1159 2791 1281 2839 eoron-

168 2861 245 2926 dcm
280 2857 450 2944 epistolis,
484 2860 634 2946 quamtis
669 2861 700 2925 in
731 2861 806 2926 aliis
837 2861 937 2927 etiam
972 2860 1105 2926 l‘atrnm
1144 2857 1280 2940 scriptis

168 2943 367 3030 quarrdoque
389 2941 609 3009 desideretur.
655 2943 786 3030 insigni
814 2955 924 3011 antem
954 2947 1099 3012 utilitate
1129 2941 1279 3007 adhiberi

169 3035 311 3126 possunt
331 3025 375 3092 ad
399 3026 652 3113 comparandam
674 3031 822 3096 notitiam
843 3029 1005 3098 historiae
1025 3027 1280 3098 ecclesiastieae

168 3112 402 3199 intelligendis
426 3112 581 3177 Patribus
603 3115 846 3191 necessariam,
876 3135 919 3180 ex
952 3115 1104 3200 antiquis
1135 3113 1280 3176 auctori-

170 3197 252 3273 bus,
273 3197 328 3281 uui
351 3195 554 3262 constituant
577 3197 687 3264 tontes
708 3198 865 3264 historiae
887 3199 1159 3274 ecclesiasticae,
1182 3215 1283 3280 prae·

171 3287 224 3358 ter
244 3279 411 3347 Chronica
427 3281 495 3363 jam
519 3268 580 3368 [S.
630 3277 786 3367 raeced]
809 3281 969 3358 laudata,
992 3283 1158 3348 Eusebius
1192 3279 1281 3344 Cac-

172 3368 362 3442 sareensis,
384 3363 560 3442 Socrates,
611 3385 802 3444 onumenns,
825 3365 1071 3442 Theodoretus,
1100 3365 1282 3444 Euagrius,

170 3449 434 3538 Phiiostorgius,
457 3455 492 3516 ct
511 3447 709 3516 Theodorus
732 3453 873 3532 hectora
896 3452 950 3532 ”)
981 3457 1157 3538 practerea
1187 3447 1283 3513 Ruh-

221 3774 255 3836 *)
272 3779 330 3838 stc,
349 3783 396 3840 qur
416 3780 476 3830 rata
493 3783 659 3832 exteranei
679 3783 790 3830 interna
808 3766 901 3830 sectae
912 3782 1112 3832 Donatistarum
1133 3787 1285 3846 igituraro-

277 3851 339 3968 aab
350 3851 390 3970 a}
401 3853 552 3915 Aeginetici
570 3854 675 3912 scriptu
691 3856 790 3902 eontra
809 3853 968 3902 nouarum·
988 3865 1127 3916 nunquan
1149 3860 1221 3904 satis
1241 3859 1284 3903 tn-

342 3930 376 3982 ge
392 3949 400 3970 0

206 4009 309 4074 **)111
330 4029 426 4068 onnes
442 4014 561 4082 junctim
580 4020 649 4070 editt
667 4023 732 4069 suut
758 4021 808 4070 anti
834 4021 936 4070 tituto:
971 4023 1128 4082 Scriptores
1150 4019 1285 4070 histortaa

280 4087 900 4225 {stataetdifferentiae,nr.
915 4093 1287 4212 “traderentur

282 4235 327 4278 cst
347 4231 485 4294 hugum
503 4233 685 4284 Taurinorum
707 4229 786 4282 lidii.
807 4232 845 4280 ΙΙΙ
866 4233 942 4282 voti.
965 4233 1015 4282 tat.
